%% This BibTeX bibliography file was created using BibDesk.
%% http://bibdesk.sourceforge.net/


%% Created for Marco Zaro at 2023-03-23 15:51:15 +0100 


%% Saved with string encoding Unicode (UTF-8) 



@article{Kulesza:2017ukk,
	archiveprefix = {arXiv},
	author = {Kulesza, Anna and Motyka, Leszek and Stebel, Tomasz and Theeuwes, Vincent},
	date-added = {2023-03-23 15:51:12 +0100},
	date-modified = {2023-03-23 15:51:12 +0100},
	doi = {10.1103/PhysRevD.97.114007},
	eprint = {1704.03363},
	journal = {Phys. Rev. D},
	number = {11},
	pages = {114007},
	primaryclass = {hep-ph},
	reportnumber = {MS-TP-17-06},
	title = {{Associated $t \bar{t} H$ production at the LHC: Theoretical predictions at NLO+NNLL accuracy}},
	volume = {97},
	year = {2018},
	bdsk-url-1 = {https://doi.org/10.1103/PhysRevD.97.114007}}

@article{Kulesza:2018tqz,
	archiveprefix = {arXiv},
	author = {Kulesza, Anna and Motyka, Leszek and Schwartl\"ander, Daniel and Stebel, Tomasz and Theeuwes, Vincent},
	date-added = {2023-03-23 15:51:11 +0100},
	date-modified = {2023-03-23 15:51:11 +0100},
	doi = {10.1140/epjc/s10052-019-6746-z},
	eprint = {1812.08622},
	journal = {Eur. Phys. J. C},
	number = {3},
	pages = {249},
	primaryclass = {hep-ph},
	reportnumber = {MS-TP-18-29},
	title = {{Associated production of a top quark pair with a heavy electroweak gauge boson at NLO$+$NNLL accuracy}},
	volume = {79},
	year = {2019},
	bdsk-url-1 = {https://doi.org/10.1140/epjc/s10052-019-6746-z}}

@article{Catani:2022mfv,
	archiveprefix = {arXiv},
	author = {Catani, Stefano and Devoto, Simone and Grazzini, Massimiliano and Kallweit, Stefan and Mazzitelli, Javier and Savoini, Chiara},
	date-added = {2023-03-23 15:51:11 +0100},
	date-modified = {2023-03-23 15:51:11 +0100},
	doi = {10.1103/PhysRevLett.130.111902},
	eprint = {2210.07846},
	journal = {Phys. Rev. Lett.},
	number = {11},
	pages = {111902},
	primaryclass = {hep-ph},
	reportnumber = {TIF-UNIMI-2022-15, ZU-TH 46/22, MPP-2022-128, PSI-PR-22-30},
	title = {{Higgs Boson Production in Association with a Top-Antitop Quark Pair in Next-to-Next-to-Leading Order QCD}},
	volume = {130},
	year = {2023},
	bdsk-url-1 = {https://doi.org/10.1103/PhysRevLett.130.111902}}

@article{Reina:2001sf,
	archiveprefix = {arXiv},
	author = {Reina, L. and Dawson, S.},
	date-added = {2023-03-23 15:50:31 +0100},
	date-modified = {2023-03-23 15:50:31 +0100},
	doi = {10.1103/PhysRevLett.87.201804},
	eprint = {hep-ph/0107101},
	journal = {Phys. Rev. Lett.},
	pages = {201804},
	reportnumber = {FSU-HEP-2001-0601, BNL-HET-01-20},
	title = {{Next-to-leading order results for t anti-t h production at the Tevatron}},
	volume = {87},
	year = {2001},
	bdsk-url-1 = {https://doi.org/10.1103/PhysRevLett.87.201804}}

@article{Reina:2001bc,
	archiveprefix = {arXiv},
	author = {Reina, L. and Dawson, S. and Wackeroth, D.},
	date-added = {2023-03-23 15:50:31 +0100},
	date-modified = {2023-03-23 15:50:31 +0100},
	doi = {10.1103/PhysRevD.65.053017},
	eprint = {hep-ph/0109066},
	journal = {Phys. Rev. D},
	pages = {053017},
	reportnumber = {FSU-HEP-2001-0602, BNL-HET-01-19, UR-1639},
	title = {{QCD corrections to associated t anti-t h production at the Tevatron}},
	volume = {65},
	year = {2002},
	bdsk-url-1 = {https://doi.org/10.1103/PhysRevD.65.053017}}

@article{Zhang:2014gcy,
	archiveprefix = {arXiv},
	author = {Zhang, Yu and Ma, Wen-Gan and Zhang, Ren-You and Chen, Chong and Guo, Lei},
	date-added = {2023-03-23 15:50:29 +0100},
	date-modified = {2023-03-23 15:50:29 +0100},
	doi = {10.1016/j.physletb.2014.09.022},
	eprint = {1407.1110},
	journal = {Phys. Lett. B},
	pages = {1--5},
	primaryclass = {hep-ph},
	title = {{QCD NLO and EW NLO corrections to $t\bar{t}H$ production with top quark decays at hadron collider}},
	volume = {738},
	year = {2014},
	bdsk-url-1 = {https://doi.org/10.1016/j.physletb.2014.09.022}}

@article{Dawson:2002tg,
	archiveprefix = {arXiv},
	author = {Dawson, S. and Orr, L. H. and Reina, L. and Wackeroth, D.},
	date-added = {2023-03-23 15:50:29 +0100},
	date-modified = {2023-03-23 15:50:29 +0100},
	doi = {10.1103/PhysRevD.67.071503},
	eprint = {hep-ph/0211438},
	journal = {Phys. Rev. D},
	pages = {071503},
	reportnumber = {BNL-HET-02-27A, FSU-HEP-2002-1115, UB-HET-02-09},
	title = {{Associated top quark Higgs boson production at the LHC}},
	volume = {67},
	year = {2003},
	bdsk-url-1 = {https://doi.org/10.1103/PhysRevD.67.071503}}

@article{Kulesza:2015vda,
	archiveprefix = {arXiv},
	author = {Kulesza, Anna and Motyka, Leszek and Stebel, Tomasz and Theeuwes, Vincent},
	date-added = {2023-03-23 15:50:28 +0100},
	date-modified = {2023-03-23 15:50:28 +0100},
	doi = {10.1007/JHEP03(2016)065},
	eprint = {1509.02780},
	journal = {JHEP},
	pages = {065},
	primaryclass = {hep-ph},
	reportnumber = {MS-TP-15-15},
	title = {{Soft gluon resummation for associated $t \bar{t} H$ production at the LHC}},
	volume = {03},
	year = {2016},
	bdsk-url-1 = {https://doi.org/10.1007/JHEP03(2016)065}}

@article{Broggio:2015lya,
	archiveprefix = {arXiv},
	author = {Broggio, Alessandro and Ferroglia, Andrea and Pecjak, Ben D. and Signer, Adrian and Yang, Li Lin},
	date-added = {2023-03-23 15:50:27 +0100},
	date-modified = {2023-03-23 15:50:27 +0100},
	doi = {10.1007/JHEP03(2016)124},
	eprint = {1510.01914},
	journal = {JHEP},
	pages = {124},
	primaryclass = {hep-ph},
	reportnumber = {PSI-PR-15-09, TUM-HEP-1019-15, ZU-TH-33-15, DCPT-15-122, IPPP-15-61},
	title = {{Associated production of a top pair and a Higgs boson beyond NLO}},
	volume = {03},
	year = {2016},
	bdsk-url-1 = {https://doi.org/10.1007/JHEP03(2016)124}}

@article{Broggio:2016lfj,
	archiveprefix = {arXiv},
	author = {Broggio, Alessandro and Ferroglia, Andrea and Pecjak, Ben D. and Yang, Li Lin},
	date-added = {2023-03-23 15:50:27 +0100},
	date-modified = {2023-03-23 15:50:27 +0100},
	doi = {10.1007/JHEP02(2017)126},
	eprint = {1611.00049},
	journal = {JHEP},
	pages = {126},
	primaryclass = {hep-ph},
	reportnumber = {TUM-HEP-1064-16, IPPP-16-101},
	title = {{NNLL resummation for the associated production of a top pair and a Higgs boson at the LHC}},
	volume = {02},
	year = {2017},
	bdsk-url-1 = {https://doi.org/10.1007/JHEP02(2017)126}}

@article{Cullen:2011ac,
	archiveprefix = {arXiv},
	author = {Cullen, Gavin and Greiner, Nicolas and Heinrich, Gudrun and Luisoni, Gionata and Mastrolia, Pierpaolo and Ossola, Giovanni and Reiter, Thomas and Tramontano, Francesco},
	doi = {10.1140/epjc/s10052-012-1889-1},
	eprint = {1111.2034},
	journal = {Eur. Phys. J. C},
	pages = {1889},
	primaryclass = {hep-ph},
	reportnumber = {CERN-PH-TH-2011-272, MPP-2011-132, DESY-11-203, IPPP-11-72, DCPT-11-144, EDINBURGH-2011-32},
	title = {{Automated One-Loop Calculations with GoSam}},
	volume = {72},
	year = {2012},
	bdsk-url-1 = {https://doi.org/10.1140/epjc/s10052-012-1889-1}}

@article{Sherpa:2019gpd,
	archiveprefix = {arXiv},
	author = {Bothmann, Enrico and others},
	collaboration = {Sherpa},
	date-added = {2021-09-15 11:08:38 +0200},
	date-modified = {2021-09-15 11:08:38 +0200},
	doi = {10.21468/SciPostPhys.7.3.034},
	eprint = {1905.09127},
	journal = {SciPost Phys.},
	number = {3},
	pages = {034},
	primaryclass = {hep-ph},
	reportnumber = {FERMILAB-PUB-19-218-T, SLAC-PUB-17433, IPPP/19/42, MCNET-19-11},
	title = {{Event Generation with Sherpa 2.2}},
	volume = {7},
	year = {2019},
	bdsk-url-1 = {https://doi.org/10.21468/SciPostPhys.7.3.034}}

@article{Dainese:2016gch,
	archiveprefix = {arXiv},
	author = {Dainese, A. and others},
	doi = {10.23731/CYRM-2017-003.635},
	eprint = {1605.01389},
	month = {5},
	primaryclass = {hep-ph},
	reportnumber = {CERN-TH-2016-107},
	title = {{Heavy ions at the Future Circular Collider}},
	year = {2016},
	bdsk-url-1 = {https://doi.org/10.23731/CYRM-2017-003.635}}

@article{Contino:2016spe,
	archiveprefix = {arXiv},
	author = {Contino, R. and others},
	doi = {10.23731/CYRM-2017-003.255},
	eprint = {1606.09408},
	month = {6},
	primaryclass = {hep-ph},
	reportnumber = {CERN-TH-2016-113},
	title = {{Physics at a 100 TeV pp collider: Higgs and EW symmetry breaking studies}},
	year = {2016},
	bdsk-url-1 = {https://doi.org/10.23731/CYRM-2017-003.255}}

@article{Arkani-Hamed:2015vfh,
	archiveprefix = {arXiv},
	author = {Arkani-Hamed, Nima and Han, Tao and Mangano, Michelangelo and Wang, Lian-Tao},
	doi = {10.1016/j.physrep.2016.07.004},
	eprint = {1511.06495},
	journal = {Phys. Rept.},
	pages = {1--49},
	primaryclass = {hep-ph},
	reportnumber = {PITT-PACC-1515, CERN-PH-TH-2015-259},
	title = {{Physics opportunities of a 100 TeV proton\textendash{}proton collider}},
	volume = {652},
	year = {2016},
	bdsk-url-1 = {https://doi.org/10.1016/j.physrep.2016.07.004}}

@article{Manohar:2017eqh,
	archiveprefix = {arXiv},
	author = {Manohar, Aneesh V. and Nason, Paolo and Salam, Gavin P. and Zanderighi, Giulia},
	doi = {10.1007/JHEP12(2017)046},
	eprint = {1708.01256},
	journal = {JHEP},
	pages = {046},
	primaryclass = {hep-ph},
	reportnumber = {CERN-TH-2017-141},
	title = {{The Photon Content of the Proton}},
	volume = {12},
	year = {2017},
	bdsk-url-1 = {https://doi.org/10.1007/JHEP12(2017)046}}

@article{Baglio:2013toa,
	archiveprefix = {arXiv},
	author = {Baglio, Julien and Ninh, Le Duc and Weber, Marcus M.},
	doi = {10.1103/PhysRevD.94.099902},
	eprint = {1307.4331},
	journal = {Phys. Rev. D},
	note = {[Erratum: Phys.Rev.D 94, 099902 (2016)]},
	pages = {113005},
	primaryclass = {hep-ph},
	reportnumber = {KA-TP-18-2013, SFB-CPP-13-47},
	title = {{Massive gauge boson pair production at the LHC: a next-to-leading order story}},
	volume = {88},
	year = {2013},
	bdsk-url-1 = {https://doi.org/10.1103/PhysRevD.94.099902}}

@article{Frixione:1993yp,
	author = {Frixione, Stefano},
	doi = {10.1016/0550-3213(93)90435-R},
	journal = {Nucl. Phys. B},
	pages = {280--324},
	reportnumber = {GEF-TH-13-93},
	title = {{A Next-to-leading order calculation of the cross-section for the production of W+ W- pairs in hadronic collisions}},
	volume = {410},
	year = {1993},
	bdsk-url-1 = {https://doi.org/10.1016/0550-3213(93)90435-R}}

@article{Frixione:1992pj,
	author = {Frixione, S. and Nason, P. and Ridolfi, G.},
	doi = {10.1016/0550-3213(92)90668-2},
	journal = {Nucl. Phys. B},
	pages = {3--44},
	reportnumber = {GEF-TH-2-1992, UPRF-92-323},
	title = {{Strong corrections to W Z production at hadron colliders}},
	volume = {383},
	year = {1992},
	bdsk-url-1 = {https://doi.org/10.1016/0550-3213(92)90668-2}}

@inproceedings{Czakon:2019bcq,
	archiveprefix = {arXiv},
	author = {Czakon, Michaa L. and G\"utschow, Christian and Lindert, Jonas M. and Mitov, Alexander and Pagani, Davide and Papanastasiou, Andrew S. and Sch\"onherr, Marek and Tsinikos, Ioannis and Zaro, Marco},
	booktitle = {{11th International Workshop on Top Quark Physics}},
	eprint = {1901.04442},
	month = {1},
	primaryclass = {hep-ph},
	reportnumber = {Cavendish-HEP-19/01, IPPP/19/3, NIKHEF/2019-001, TUM-HEP-1182/19, TTK-19-01},
	title = {{NNLO versus NLO multi-jet merging for top-pair production including electroweak corrections}},
	year = {2019}}

@article{Manohar:2016nzj,
	archiveprefix = {arXiv},
	author = {Manohar, Aneesh and Nason, Paolo and Salam, Gavin P. and Zanderighi, Giulia},
	doi = {10.1103/PhysRevLett.117.242002},
	eprint = {1607.04266},
	journal = {Phys. Rev. Lett.},
	number = {24},
	pages = {242002},
	primaryclass = {hep-ph},
	reportnumber = {CERN-TH-2016-155},
	title = {{How bright is the proton? A precise determination of the photon parton distribution function}},
	volume = {117},
	year = {2016},
	bdsk-url-1 = {https://doi.org/10.1103/PhysRevLett.117.242002}}

@article{Gray:2021jij,
	author = {Gray, Heather M.},
	doi = {10.1016/j.revip.2021.100053},
	journal = {Rev. Phys.},
	pages = {100053},
	title = {{Future colliders for the high-energy frontier}},
	volume = {6},
	year = {2021},
	bdsk-url-1 = {https://doi.org/10.1016/j.revip.2021.100053}}

@article{Fornal:2018znf,
	archiveprefix = {arXiv},
	author = {Fornal, Bartosz and Manohar, Aneesh V. and Waalewijn, Wouter J.},
	doi = {10.1007/JHEP05(2018)106},
	eprint = {1803.06347},
	journal = {JHEP},
	pages = {106},
	primaryclass = {hep-ph},
	reportnumber = {Nikhef 2018-011, NIKHEF-2018-011},
	title = {{Electroweak Gauge Boson Parton Distribution Functions}},
	volume = {05},
	year = {2018},
	bdsk-url-1 = {https://doi.org/10.1007/JHEP05(2018)106}}

@article{Brooks:2021kji,
	archiveprefix = {arXiv},
	author = {Brooks, Helen and Skands, Peter and Verheyen, Rob},
	eprint = {2108.10786},
	month = {8},
	primaryclass = {hep-ph},
	title = {{Interleaved Resonance Decays and Electroweak Radiation in Vincia}},
	year = {2021}}

@article{Masouminia:2021kne,
	archiveprefix = {arXiv},
	author = {Masouminia, M. R. and Richardson, P.},
	eprint = {2108.10817},
	month = {8},
	primaryclass = {hep-ph},
	reportnumber = {IPPP/21/21},
	title = {{Implementation of Angularly Ordered Electroweak Parton Shower in Herwig 7}},
	year = {2021}}

@article{Manohar:2018kfx,
	archiveprefix = {arXiv},
	author = {Manohar, Aneesh V. and Waalewijn, Wouter J.},
	doi = {10.1007/JHEP08(2018)137},
	eprint = {1802.08687},
	journal = {JHEP},
	pages = {137},
	primaryclass = {hep-ph},
	reportnumber = {Nikhef 2017-067, NIKHEF-2017-067},
	title = {{Electroweak Logarithms in Inclusive Cross Sections}},
	volume = {08},
	year = {2018},
	bdsk-url-1 = {https://doi.org/10.1007/JHEP08(2018)137}}

@article{Bauer:2017bnh,
	archiveprefix = {arXiv},
	author = {Bauer, Christian W. and Ferland, Nicolas and Webber, Bryan R.},
	doi = {10.1007/JHEP04(2018)125},
	eprint = {1712.07147},
	journal = {JHEP},
	pages = {125},
	primaryclass = {hep-ph},
	reportnumber = {CAVENDISH-HEP-17-14, CERN-TH-2017-264},
	title = {{Combining initial-state resummation with fixed-order calculations of electroweak corrections}},
	volume = {04},
	year = {2018},
	bdsk-url-1 = {https://doi.org/10.1007/JHEP04(2018)125}}

@article{Bauer:2018arx,
	archiveprefix = {arXiv},
	author = {Bauer, Christian W. and Webber, Bryan R.},
	doi = {10.1007/JHEP03(2019)013},
	eprint = {1808.08831},
	journal = {JHEP},
	pages = {013},
	primaryclass = {hep-ph},
	reportnumber = {Cavendish-HEP-18/13},
	title = {{Polarization Effects in Standard Model Parton Distributions at Very High Energies}},
	volume = {03},
	year = {2019},
	bdsk-url-1 = {https://doi.org/10.1007/JHEP03(2019)013}}

@article{Ciafaloni:2000df,
	archiveprefix = {arXiv},
	author = {Ciafaloni, Marcello and Ciafaloni, Paolo and Comelli, Denis},
	doi = {10.1103/PhysRevLett.84.4810},
	eprint = {hep-ph/0001142},
	journal = {Phys. Rev. Lett.},
	pages = {4810--4813},
	title = {{Bloch-Nordsieck violating electroweak corrections to inclusive TeV scale hard processes}},
	volume = {84},
	year = {2000},
	bdsk-url-1 = {https://doi.org/10.1103/PhysRevLett.84.4810}}

@article{Ciafaloni:2001mu,
	archiveprefix = {arXiv},
	author = {Ciafaloni, Marcello and Ciafaloni, Paolo and Comelli, Denis},
	doi = {10.1103/PhysRevLett.88.102001},
	eprint = {hep-ph/0111109},
	journal = {Phys. Rev. Lett.},
	pages = {102001},
	title = {{Towards collinear evolution equations in electroweak theory}},
	volume = {88},
	year = {2002},
	bdsk-url-1 = {https://doi.org/10.1103/PhysRevLett.88.102001}}

@article{Ciafaloni:2008cr,
	archiveprefix = {arXiv},
	author = {Ciafaloni, Marcello and Ciafaloni, Paolo and Comelli, Denis},
	doi = {10.1088/1126-6708/2008/05/039},
	eprint = {0802.0168},
	journal = {JHEP},
	pages = {039},
	primaryclass = {hep-ph},
	title = {{Electroweak double-logs at small x}},
	volume = {05},
	year = {2008},
	bdsk-url-1 = {https://doi.org/10.1088/1126-6708/2008/05/039}}

@article{Bell:2010gi,
	archiveprefix = {arXiv},
	author = {Bell, G. and Kuhn, J. H. and Rittinger, J.},
	doi = {10.1140/epjc/s10052-010-1489-x},
	eprint = {1004.4117},
	journal = {Eur. Phys. J. C},
	pages = {659--671},
	primaryclass = {hep-ph},
	reportnumber = {TTP10-22},
	title = {{Electroweak Sudakov Logarithms and Real Gauge-Boson Radiation in the TeV Region}},
	volume = {70},
	year = {2010},
	bdsk-url-1 = {https://doi.org/10.1140/epjc/s10052-010-1489-x}}

@article{Ciafaloni:2010ti,
	archiveprefix = {arXiv},
	author = {Ciafaloni, Paolo and Comelli, Denis and Riotto, Antonio and Sala, Filippo and Strumia, Alessandro and Urbano, Alfredo},
	doi = {10.1088/1475-7516/2011/03/019},
	eprint = {1009.0224},
	journal = {JCAP},
	pages = {019},
	primaryclass = {hep-ph},
	reportnumber = {IFUP-TH-2010-24, CERN-PH-TH-2010-179},
	title = {{Weak Corrections are Relevant for Dark Matter Indirect Detection}},
	volume = {03},
	year = {2011},
	bdsk-url-1 = {https://doi.org/10.1088/1475-7516/2011/03/019}}

@article{Stirling:2012ak,
	archiveprefix = {arXiv},
	author = {Stirling, W. J. and Vryonidou, E.},
	doi = {10.1007/JHEP04(2013)155},
	eprint = {1212.6537},
	journal = {JHEP},
	pages = {155},
	primaryclass = {hep-ph},
	title = {{Electroweak corrections and Bloch-Nordsieck violations in 2-to-2 processes at the LHC}},
	volume = {04},
	year = {2013},
	bdsk-url-1 = {https://doi.org/10.1007/JHEP04(2013)155}}

@article{Bauer:2016kkv,
	archiveprefix = {arXiv},
	author = {Bauer, Christian W and Ferland, Nicolas},
	doi = {10.1007/JHEP09(2016)025},
	eprint = {1601.07190},
	journal = {JHEP},
	pages = {025},
	primaryclass = {hep-ph},
	title = {{Resummation of electroweak Sudakov logarithms for real radiation}},
	volume = {09},
	year = {2016},
	bdsk-url-1 = {https://doi.org/10.1007/JHEP09(2016)025}}

@article{Beccaria:1998qe,
	archiveprefix = {arXiv},
	author = {Beccaria, M. and Montagna, G. and Piccinini, F. and Renard, F. M. and Verzegnassi, C.},
	doi = {10.1103/PhysRevD.58.093014},
	eprint = {hep-ph/9805250},
	journal = {Phys. Rev. D},
	pages = {093014},
	reportnumber = {PM-98-07, FNT-T-98-03},
	title = {{Rising bosonic electroweak virtual effects at high-energy e+ e- colliders}},
	volume = {58},
	year = {1998},
	bdsk-url-1 = {https://doi.org/10.1103/PhysRevD.58.093014}}

@article{Ciafaloni:1998xg,
	archiveprefix = {arXiv},
	author = {Ciafaloni, P. and Comelli, D.},
	doi = {10.1016/S0370-2693(98)01541-X},
	eprint = {hep-ph/9809321},
	journal = {Phys. Lett. B},
	pages = {278--284},
	reportnumber = {INFN-FE-09-98},
	title = {{Sudakov enhancement of electroweak corrections}},
	volume = {446},
	year = {1999},
	bdsk-url-1 = {https://doi.org/10.1016/S0370-2693(98)01541-X}}

@article{Fadin:1999bq,
	archiveprefix = {arXiv},
	author = {Fadin, Victor S. and Lipatov, L. N. and Martin, Alan D. and Melles, M.},
	doi = {10.1103/PhysRevD.61.094002},
	eprint = {hep-ph/9910338},
	journal = {Phys. Rev. D},
	pages = {094002},
	reportnumber = {DTP-99-94, PSI-PR-99-24},
	title = {{Resummation of double logarithms in electroweak high-energy processes}},
	volume = {61},
	year = {2000},
	bdsk-url-1 = {https://doi.org/10.1103/PhysRevD.61.094002}}

@article{Melles:2000ia,
	archiveprefix = {arXiv},
	author = {Melles, Michael},
	doi = {10.1103/PhysRevD.64.014011},
	eprint = {hep-ph/0012157},
	journal = {Phys. Rev. D},
	pages = {014011},
	reportnumber = {PSI-PR-00-18},
	title = {{Resummation of Yukawa enhanced and subleading Sudakov logarithms in longitudinal gauge boson and Higgs production}},
	volume = {64},
	year = {2001},
	bdsk-url-1 = {https://doi.org/10.1103/PhysRevD.64.014011}}

@article{Melles:2001mr,
	archiveprefix = {arXiv},
	author = {Melles, Michael},
	doi = {10.1103/PhysRevD.64.054003},
	eprint = {hep-ph/0102097},
	journal = {Phys. Rev. D},
	pages = {054003},
	reportnumber = {PSI-PR-01-03},
	title = {{Electroweak renormalization group corrections in high-energy processes}},
	volume = {64},
	year = {2001},
	bdsk-url-1 = {https://doi.org/10.1103/PhysRevD.64.054003}}

@article{Melles:2001ye,
	archiveprefix = {arXiv},
	author = {Melles, Michael},
	doi = {10.1016/S0370-1573(02)00550-1},
	eprint = {hep-ph/0104232},
	journal = {Phys. Rept.},
	pages = {219--326},
	reportnumber = {PSI-PR-01-07},
	title = {{Electroweak radiative corrections in high-energy processes}},
	volume = {375},
	year = {2003},
	bdsk-url-1 = {https://doi.org/10.1016/S0370-1573(02)00550-1}}

@article{Ciafaloni:1999ub,
	archiveprefix = {arXiv},
	author = {Ciafaloni, P. and Comelli, D.},
	doi = {10.1016/S0370-2693(00)00121-0},
	eprint = {hep-ph/9910278},
	journal = {Phys. Lett. B},
	pages = {49--57},
	title = {{Electroweak Sudakov form-factors and nonfactorizable soft QED effects at NLC energies}},
	volume = {476},
	year = {2000},
	bdsk-url-1 = {https://doi.org/10.1016/S0370-2693(00)00121-0}}

@article{Ciafaloni:2000rp,
	archiveprefix = {arXiv},
	author = {Ciafaloni, Marcello and Ciafaloni, Paolo and Comelli, Denis},
	doi = {10.1016/S0550-3213(00)00508-3},
	eprint = {hep-ph/0004071},
	journal = {Nucl. Phys. B},
	pages = {359--380},
	title = {{Electroweak Bloch-Nordsieck violation at the TeV scale: 'Strong' weak interactions?}},
	volume = {589},
	year = {2000},
	bdsk-url-1 = {https://doi.org/10.1016/S0550-3213(00)00508-3}}

@article{Ciafaloni:2000gm,
	archiveprefix = {arXiv},
	author = {Ciafaloni, Marcello and Ciafaloni, Paolo and Comelli, Denis},
	doi = {10.1016/S0370-2693(01)00127-7},
	eprint = {hep-ph/0007096},
	journal = {Phys. Lett. B},
	pages = {216--222},
	title = {{Electroweak double logarithms in inclusive observables for a generic initial state}},
	volume = {501},
	year = {2001},
	bdsk-url-1 = {https://doi.org/10.1016/S0370-2693(01)00127-7}}

@article{Melles:2001dh,
	archiveprefix = {arXiv},
	author = {Melles, Michael},
	doi = {10.1007/s100520200942},
	eprint = {hep-ph/0108221},
	journal = {Eur. Phys. J. C},
	pages = {193--204},
	reportnumber = {PSI-PR-01-11},
	title = {{Resummation of angular dependent corrections in spontaneously broken gauge theories}},
	volume = {24},
	year = {2002},
	bdsk-url-1 = {https://doi.org/10.1007/s100520200942}}

@article{Denner:2006jr,
	archiveprefix = {arXiv},
	author = {Denner, Ansgar and Jantzen, B. and Pozzorini, S.},
	doi = {10.1016/j.nuclphysb.2006.10.014},
	eprint = {hep-ph/0608326},
	journal = {Nucl. Phys. B},
	pages = {1--62},
	reportnumber = {PSI-PR-06-10, MPP-2006-109},
	title = {{Two-loop electroweak next-to-leading logarithmic corrections to massless fermionic processes}},
	volume = {761},
	year = {2007},
	bdsk-url-1 = {https://doi.org/10.1016/j.nuclphysb.2006.10.014}}

@article{Denner:2008yn,
	archiveprefix = {arXiv},
	author = {Denner, Ansgar and Jantzen, Bernd and Pozzorini, Stefano},
	doi = {10.1088/1126-6708/2008/11/062},
	eprint = {0809.0800},
	journal = {JHEP},
	pages = {062},
	primaryclass = {hep-ph},
	reportnumber = {PSI-PR-08-11, MPP-2008-89},
	title = {{Two-loop electroweak next-to-leading logarithms for processes involving heavy quarks}},
	volume = {11},
	year = {2008},
	bdsk-url-1 = {https://doi.org/10.1088/1126-6708/2008/11/062}}

@article{Chiu:2009mg,
	archiveprefix = {arXiv},
	author = {Chiu, Jui-yu and Fuhrer, Andreas and Kelley, Randall and Manohar, Aneesh V.},
	doi = {10.1103/PhysRevD.80.094013},
	eprint = {0909.0012},
	journal = {Phys. Rev. D},
	pages = {094013},
	primaryclass = {hep-ph},
	title = {{Factorization Structure of Gauge Theory Amplitudes and Application to Hard Scattering Processes at the LHC}},
	volume = {80},
	year = {2009},
	bdsk-url-1 = {https://doi.org/10.1103/PhysRevD.80.094013}}

@article{Aad:2012tfa,
	archiveprefix = {arXiv},
	author = {Aad, Georges and others},
	collaboration = {ATLAS},
	doi = {10.1016/j.physletb.2012.08.020},
	eprint = {1207.7214},
	journal = {Phys. Lett. B},
	pages = {1--29},
	primaryclass = {hep-ex},
	reportnumber = {CERN-PH-EP-2012-218},
	title = {{Observation of a new particle in the search for the Standard Model Higgs boson with the ATLAS detector at the LHC}},
	volume = {716},
	year = {2012},
	bdsk-url-1 = {https://doi.org/10.1016/j.physletb.2012.08.020}}

@article{Chatrchyan:2012ufa,
	archiveprefix = {arXiv},
	author = {Chatrchyan, Serguei and others},
	collaboration = {CMS},
	doi = {10.1016/j.physletb.2012.08.021},
	eprint = {1207.7235},
	journal = {Phys. Lett. B},
	pages = {30--61},
	primaryclass = {hep-ex},
	reportnumber = {CMS-HIG-12-028, CERN-PH-EP-2012-220},
	title = {{Observation of a New Boson at a Mass of 125 GeV with the CMS Experiment at the LHC}},
	volume = {716},
	year = {2012},
	bdsk-url-1 = {https://doi.org/10.1016/j.physletb.2012.08.021}}

@article{Aad:2019mbh,
	archiveprefix = {arXiv},
	author = {Aad, Georges and others},
	collaboration = {ATLAS},
	doi = {10.1103/PhysRevD.101.012002},
	eprint = {1909.02845},
	journal = {Phys. Rev. D},
	number = {1},
	pages = {012002},
	primaryclass = {hep-ex},
	reportnumber = {CERN-EP-2019-097},
	title = {{Combined measurements of Higgs boson production and decay using up to $80$ fb$^{-1}$ of proton-proton collision data at $\sqrt{s}=$ 13 TeV collected with the ATLAS experiment}},
	volume = {101},
	year = {2020},
	bdsk-url-1 = {https://doi.org/10.1103/PhysRevD.101.012002}}

@article{Azzi:2019yne,
	archiveprefix = {arXiv},
	author = {Azzi, P. and others},
	doi = {10.23731/CYRM-2019-007.1},
	editor = {Dainese, Andrea and Mangano, Michelangelo and Meyer, Andreas B. and Nisati, Aleandro and Salam, Gavin and Vesterinen, Mika Anton},
	eprint = {1902.04070},
	journal = {CERN Yellow Rep. Monogr.},
	pages = {1--220},
	primaryclass = {hep-ph},
	reportnumber = {CERN-LPCC-2018-03},
	title = {{Report from Working Group 1}: {Standard Model Physics at the HL-LHC and HE-LHC}},
	volume = {7},
	year = {2019},
	bdsk-url-1 = {https://doi.org/10.23731/CYRM-2019-007.1}}

@article{Cepeda:2019klc,
	archiveprefix = {arXiv},
	author = {Cepeda, M. and others},
	doi = {10.23731/CYRM-2019-007.221},
	editor = {Dainese, Andrea and Mangano, Michelangelo and Meyer, Andreas B. and Nisati, Aleandro and Salam, Gavin and Vesterinen, Mika Anton},
	eprint = {1902.00134},
	journal = {CERN Yellow Rep. Monogr.},
	pages = {221--584},
	primaryclass = {hep-ph},
	reportnumber = {CERN-LPCC-2018-04},
	title = {{Report from Working Group 2}: {Higgs Physics at the HL-LHC and HE-LHC}},
	volume = {7},
	year = {2019},
	bdsk-url-1 = {https://doi.org/10.23731/CYRM-2019-007.221}}

@article{CidVidal:2018eel,
	archiveprefix = {arXiv},
	author = {Cid Vidal, Xabier and others},
	doi = {10.23731/CYRM-2019-007.585},
	editor = {Dainese, Andrea and Mangano, Michelangelo and Meyer, Andreas B. and Nisati, Aleandro and Salam, Gavin and Vesterinen, Mika Anton},
	eprint = {1812.07831},
	journal = {CERN Yellow Rep. Monogr.},
	pages = {585--865},
	primaryclass = {hep-ph},
	reportnumber = {CERN-LPCC-2018-05},
	title = {{Report from Working Group 3}: {Beyond the Standard Model physics at the HL-LHC and HE-LHC}},
	volume = {7},
	year = {2019},
	bdsk-url-1 = {https://doi.org/10.23731/CYRM-2019-007.585}}

@article{Chapon:2020heu,
	archiveprefix = {arXiv},
	author = {Chapon, Emilien and others},
	eprint = {2012.14161},
	month = {12},
	primaryclass = {hep-ph},
	reportnumber = {MIT-CTP/5231, JLAB-THY-20-3240},
	title = {{Perspectives for quarkonium studies at the high-luminosity LHC}},
	year = {2020}}

@article{Kallweit:2014xda,
	archiveprefix = {arXiv},
	author = {Kallweit, Stefan and Lindert, Jonas M. and Maierh\"ofer, Philipp and Pozzorini, Stefano and Sch\"onherr, Marek},
	doi = {10.1007/JHEP04(2015)012},
	eprint = {1412.5157},
	journal = {JHEP},
	pages = {012},
	primaryclass = {hep-ph},
	reportnumber = {LPN14-127, IPPP-14-107, DCPT-14-214, MCNET-14-26, ZU-TH-42-14, MITP-14-102},
	title = {{NLO electroweak automation and precise predictions for W+multijet production at the LHC}},
	volume = {04},
	year = {2015},
	bdsk-url-1 = {https://doi.org/10.1007/JHEP04(2015)012}}

@article{Frixione:2015zaa,
	archiveprefix = {arXiv},
	author = {Frixione, S. and Hirschi, V. and Pagani, D. and Shao, H. -S. and Zaro, M.},
	doi = {10.1007/JHEP06(2015)184},
	eprint = {1504.03446},
	journal = {JHEP},
	pages = {184},
	primaryclass = {hep-ph},
	reportnumber = {CERN-PH-TH-2015-083, CP3-15-10, LPN15-022, SLAC-PUB-16253},
	title = {{Electroweak and QCD corrections to top-pair hadroproduction in association with heavy bosons}},
	volume = {06},
	year = {2015},
	bdsk-url-1 = {https://doi.org/10.1007/JHEP06(2015)184}}

@article{Chiesa:2017gqx,
	archiveprefix = {arXiv},
	author = {Chiesa, Mauro and Greiner, Nicolas and Sch\"onherr, Marek and Tramontano, Francesco},
	doi = {10.1007/JHEP10(2017)181},
	eprint = {1706.09022},
	journal = {JHEP},
	pages = {181},
	primaryclass = {hep-ph},
	reportnumber = {ZU--TH-20-17-MCNET--17--11},
	title = {{Electroweak corrections to diphoton plus jets}},
	volume = {10},
	year = {2017},
	bdsk-url-1 = {https://doi.org/10.1007/JHEP10(2017)181}}

@article{Actis:2012qn,
	archiveprefix = {arXiv},
	author = {Actis, S. and Denner, A. and Hofer, L. and Scharf, A. and Uccirati, S.},
	doi = {10.1007/JHEP04(2013)037},
	eprint = {1211.6316},
	journal = {JHEP},
	pages = {037},
	primaryclass = {hep-ph},
	reportnumber = {PSI-PR-12-09},
	title = {{Recursive generation of one-loop amplitudes in the Standard Model}},
	volume = {04},
	year = {2013},
	bdsk-url-1 = {https://doi.org/10.1007/JHEP04(2013)037}}

@article{Denner:2017wsf,
	archiveprefix = {arXiv},
	author = {Denner, Ansgar and Lang, Jean-Nicolas and Uccirati, Sandro},
	doi = {10.1016/j.cpc.2017.11.013},
	eprint = {1711.07388},
	journal = {Comput. Phys. Commun.},
	pages = {346--361},
	primaryclass = {hep-ph},
	title = {{Recola2: REcursive Computation of One-Loop Amplitudes 2}},
	volume = {224},
	year = {2018},
	bdsk-url-1 = {https://doi.org/10.1016/j.cpc.2017.11.013}}

@article{Actis:2016mpe,
	archiveprefix = {arXiv},
	author = {Actis, Stefano and Denner, Ansgar and Hofer, Lars and Lang, Jean-Nicolas and Scharf, Andreas and Uccirati, Sandro},
	doi = {10.1016/j.cpc.2017.01.004},
	eprint = {1605.01090},
	journal = {Comput. Phys. Commun.},
	pages = {140--173},
	primaryclass = {hep-ph},
	reportnumber = {ICCUB-16-020},
	title = {{RECOLA: REcursive Computation of One-Loop Amplitudes}},
	volume = {214},
	year = {2017},
	bdsk-url-1 = {https://doi.org/10.1016/j.cpc.2017.01.004}}

@article{Chiesa:2015mya,
	archiveprefix = {arXiv},
	author = {Chiesa, Mauro and Greiner, Nicolas and Tramontano, Francesco},
	doi = {10.1088/0954-3899/43/1/013002},
	eprint = {1507.08579},
	journal = {J. Phys. G},
	number = {1},
	pages = {013002},
	primaryclass = {hep-ph},
	reportnumber = {DESY-15-113, FNT-2015-01},
	title = {{Automation of electroweak corrections for LHC processes}},
	volume = {43},
	year = {2016},
	bdsk-url-1 = {https://doi.org/10.1088/0954-3899/43/1/013002}}

@article{Frederix:2016ost,
	archiveprefix = {arXiv},
	author = {Frederix, Rikkert and Frixione, Stefano and Hirschi, Valentin and Pagani, Davide and Shao, Hua-Sheng and Zaro, Marco},
	doi = {10.1007/JHEP04(2017)076},
	eprint = {1612.06548},
	journal = {JHEP},
	pages = {076},
	primaryclass = {hep-ph},
	reportnumber = {CERN-TH-2016-250, CP3-16-60, TUM-HEP-1074-16, SLAC-PUB-16890},
	title = {{The complete NLO corrections to dijet hadroproduction}},
	volume = {04},
	year = {2017},
	bdsk-url-1 = {https://doi.org/10.1007/JHEP04(2017)076}}

@article{Biedermann:2017yoi,
	archiveprefix = {arXiv},
	author = {Biedermann, Benedikt and Br\"auer, Stephan and Denner, Ansgar and Pellen, Mathieu and Schumann, Steffen and Thompson, Jennifer M.},
	doi = {10.1140/epjc/s10052-017-5054-8},
	eprint = {1704.05783},
	journal = {Eur. Phys. J. C},
	pages = {492},
	primaryclass = {hep-ph},
	title = {{Automation of NLO QCD and EW corrections with Sherpa and Recola}},
	volume = {77},
	year = {2017},
	bdsk-url-1 = {https://doi.org/10.1140/epjc/s10052-017-5054-8}}

@article{Frederix:2018nkq,
	archiveprefix = {arXiv},
	author = {Frederix, R. and Frixione, S. and Hirschi, V. and Pagani, D. and Shao, H. -S. and Zaro, M.},
	doi = {10.1007/JHEP07(2018)185},
	eprint = {1804.10017},
	journal = {JHEP},
	pages = {185},
	primaryclass = {hep-ph},
	reportnumber = {Nikhef/2018-015, TUM-HEP-1138/18, NIKHEF-2018-015, TUM-HEP-1138-18},
	title = {{The automation of next-to-leading order electroweak calculations}},
	volume = {07},
	year = {2018},
	bdsk-url-1 = {https://doi.org/10.1007/JHEP07(2018)185}}

@article{Melles:2000gw,
	archiveprefix = {arXiv},
	author = {Melles, Michael},
	doi = {10.1103/PhysRevD.63.034003},
	eprint = {hep-ph/0004056},
	journal = {Phys. Rev. D},
	pages = {034003},
	reportnumber = {PSI-PR-00-07},
	title = {{Subleading Sudakov logarithms in electroweak high-energy processes to all orders}},
	volume = {63},
	year = {2001},
	bdsk-url-1 = {https://doi.org/10.1103/PhysRevD.63.034003}}

@article{Melles:2000ed,
	archiveprefix = {arXiv},
	author = {Melles, Michael},
	doi = {10.1016/S0370-2693(00)01234-X},
	eprint = {hep-ph/0006077},
	journal = {Phys. Lett. B},
	pages = {81--86},
	reportnumber = {PSI-PR-00-10},
	title = {{Mass gap effects and higher order electroweak Sudakov logarithms}},
	volume = {495},
	year = {2000},
	bdsk-url-1 = {https://doi.org/10.1016/S0370-2693(00)01234-X}}

@article{Ciafaloni:2001vt,
	archiveprefix = {arXiv},
	author = {Ciafaloni, Marcello and Ciafaloni, Paolo and Comelli, Denis},
	doi = {10.1103/PhysRevLett.87.211802},
	eprint = {hep-ph/0103315},
	journal = {Phys. Rev. Lett.},
	pages = {211802},
	title = {{Bloch-Nordsieck violation in spontaneously broken Abelian theories}},
	volume = {87},
	year = {2001},
	bdsk-url-1 = {https://doi.org/10.1103/PhysRevLett.87.211802}}

@article{Ciafaloni:2001vu,
	archiveprefix = {arXiv},
	author = {Ciafaloni, Marcello and Ciafaloni, Paolo and Comelli, Denis},
	doi = {10.1016/S0550-3213(01)00375-3},
	eprint = {hep-ph/0103316},
	journal = {Nucl. Phys. B},
	pages = {382--406},
	title = {{Enhanced electroweak corrections to inclusive boson fusion processes at the TeV scale}},
	volume = {613},
	year = {2001},
	bdsk-url-1 = {https://doi.org/10.1016/S0550-3213(01)00375-3}}

@article{Denner:2003wi,
	archiveprefix = {arXiv},
	author = {Denner, Ansgar and Melles, M. and Pozzorini, S.},
	doi = {10.1016/S0550-3213(03)00307-9},
	eprint = {hep-ph/0301241},
	journal = {Nucl. Phys. B},
	pages = {299--333},
	reportnumber = {PSI-PR-03-01, TTP-03-03},
	title = {{Two loop electroweak angular dependent logarithms at high-energies}},
	volume = {662},
	year = {2003},
	bdsk-url-1 = {https://doi.org/10.1016/S0550-3213(03)00307-9}}

@article{Chiu:2007dg,
	archiveprefix = {arXiv},
	author = {Chiu, Jui-yu and Golf, Frank and Kelley, Randall and Manohar, Aneesh V.},
	doi = {10.1103/PhysRevD.77.053004},
	eprint = {0712.0396},
	journal = {Phys. Rev. D},
	pages = {053004},
	primaryclass = {hep-ph},
	title = {{Electroweak Corrections in High Energy Processes using Effective Field Theory}},
	volume = {77},
	year = {2008},
	bdsk-url-1 = {https://doi.org/10.1103/PhysRevD.77.053004}}

@article{Chiu:2008vv,
	archiveprefix = {arXiv},
	author = {Chiu, Jui-yu and Kelley, Randall and Manohar, Aneesh V.},
	doi = {10.1103/PhysRevD.78.073006},
	eprint = {0806.1240},
	journal = {Phys. Rev. D},
	pages = {073006},
	primaryclass = {hep-ph},
	title = {{Electroweak Corrections using Effective Field Theory: Applications to the LHC}},
	volume = {78},
	year = {2008},
	bdsk-url-1 = {https://doi.org/10.1103/PhysRevD.78.073006}}

@article{Kuhn:1999nn,
	archiveprefix = {arXiv},
	author = {Kuhn, Johann H. and Penin, A. A. and Smirnov, Vladimir A.},
	doi = {10.1007/s100520000462},
	eprint = {hep-ph/9912503},
	journal = {Eur. Phys. J. C},
	pages = {97--105},
	reportnumber = {TTP-99-54, DESY-00-008},
	title = {{Summing up subleading Sudakov logarithms}},
	volume = {17},
	year = {2000},
	bdsk-url-1 = {https://doi.org/10.1007/s100520000462}}

@article{Beccaria:2000jz,
	archiveprefix = {arXiv},
	author = {Beccaria, M. and Renard, F. M. and Verzegnassi, C.},
	doi = {10.1103/PhysRevD.63.053013},
	eprint = {hep-ph/0010205},
	journal = {Phys. Rev. D},
	pages = {053013},
	reportnumber = {PM-00-39},
	title = {{Top quark production at future lepton colliders in the asymptotic regime}},
	volume = {63},
	year = {2001},
	bdsk-url-1 = {https://doi.org/10.1103/PhysRevD.63.053013}}

@article{Hori:2000tm,
	archiveprefix = {arXiv},
	author = {Hori, M. and Kawamura, H. and Kodaira, J.},
	doi = {10.1016/S0370-2693(00)01027-3},
	eprint = {hep-ph/0007329},
	journal = {Phys. Lett. B},
	pages = {275--279},
	reportnumber = {HUPD-0003},
	title = {{Electroweak Sudakov at two loop level}},
	volume = {491},
	year = {2000},
	bdsk-url-1 = {https://doi.org/10.1016/S0370-2693(00)01027-3}}

@article{Beenakker:2001kf,
	archiveprefix = {arXiv},
	author = {Beenakker, W. and Werthenbach, A.},
	doi = {10.1016/S0550-3213(02)00171-2},
	eprint = {hep-ph/0112030},
	journal = {Nucl. Phys. B},
	pages = {3--54},
	reportnumber = {DESY-01-131},
	title = {{Electroweak two loop Sudakov logarithms for on-shell fermions and bosons}},
	volume = {630},
	year = {2002},
	bdsk-url-1 = {https://doi.org/10.1016/S0550-3213(02)00171-2}}

@article{Pozzorini:2004rm,
	archiveprefix = {arXiv},
	author = {Pozzorini, S.},
	doi = {10.1016/j.nuclphysb.2004.05.025},
	eprint = {hep-ph/0401087},
	journal = {Nucl. Phys. B},
	pages = {135--174},
	reportnumber = {TTP04-01},
	title = {{Next to leading mass singularities in two loop electroweak singlet form-factors}},
	volume = {692},
	year = {2004},
	bdsk-url-1 = {https://doi.org/10.1016/j.nuclphysb.2004.05.025}}

@article{Feucht:2004rp,
	archiveprefix = {arXiv},
	author = {Feucht, Bernd and Kuhn, Johann H. and Penin, Alexander A. and Smirnov, Vladimir A.},
	doi = {10.1103/PhysRevLett.93.101802},
	eprint = {hep-ph/0404082},
	journal = {Phys. Rev. Lett.},
	pages = {101802},
	reportnumber = {TTP04-09},
	title = {{Two loop Sudakov form-factor in a theory with mass gap}},
	volume = {93},
	year = {2004},
	bdsk-url-1 = {https://doi.org/10.1103/PhysRevLett.93.101802}}

@article{Jantzen:2005xi,
	archiveprefix = {arXiv},
	author = {Jantzen, Bernd and Kuhn, Johann H. and Penin, Alexander A. and Smirnov, Vladimir A.},
	doi = {10.1103/PhysRevD.74.019901},
	eprint = {hep-ph/0504111},
	journal = {Phys. Rev. D},
	note = {[Erratum: Phys.Rev.D 74, 019901 (2006)]},
	pages = {051301},
	reportnumber = {TTP05-04},
	title = {{Two-loop electroweak logarithms}},
	volume = {72},
	year = {2005},
	bdsk-url-1 = {https://doi.org/10.1103/PhysRevD.74.019901}}

@article{Jantzen:2005az,
	archiveprefix = {arXiv},
	author = {Jantzen, Bernd and Kuhn, Johann H. and Penin, Alexander A. and Smirnov, Vladimir A.},
	doi = {10.1016/j.nuclphysb.2005.10.010},
	eprint = {hep-ph/0509157},
	journal = {Nucl. Phys. B},
	note = {[Erratum: Nucl.Phys.B 752, 327--328 (2006)]},
	pages = {188--212},
	reportnumber = {TTP05-17, PSI-PR-05-04},
	title = {{Two-loop electroweak logarithms in four-fermion processes at high energy}},
	volume = {731},
	year = {2005},
	bdsk-url-1 = {https://doi.org/10.1016/j.nuclphysb.2005.10.010}}

@article{Jantzen:2006jv,
	archiveprefix = {arXiv},
	author = {Jantzen, Bernd and Smirnov, Vladimir A.},
	doi = {10.1140/epjc/s2006-02583-9},
	eprint = {hep-ph/0603133},
	journal = {Eur. Phys. J. C},
	pages = {671--695},
	reportnumber = {TTP06-05, PSI-PR-06-06, SFB-CPP-06-07},
	title = {{The Two-loop vector form-factor in the Sudakov limit}},
	volume = {47},
	year = {2006},
	bdsk-url-1 = {https://doi.org/10.1140/epjc/s2006-02583-9}}

@article{Manohar:2012rs,
	archiveprefix = {arXiv},
	author = {Manohar, Aneesh V. and Trott, Michael},
	doi = {10.1016/j.physletb.2012.04.013},
	eprint = {1201.3926},
	journal = {Phys. Lett. B},
	pages = {313--316},
	primaryclass = {hep-ph},
	reportnumber = {CERN-PH-TH-2012-035},
	title = {{Electroweak Sudakov Corrections and the Top Quark Forward-Backward Asymmetry}},
	volume = {711},
	year = {2012},
	bdsk-url-1 = {https://doi.org/10.1016/j.physletb.2012.04.013}}

@article{Bauer:2000ew,
	archiveprefix = {arXiv},
	author = {Bauer, Christian W. and Fleming, Sean and Luke, Michael E.},
	doi = {10.1103/PhysRevD.63.014006},
	eprint = {hep-ph/0005275},
	journal = {Phys. Rev. D},
	pages = {014006},
	reportnumber = {UTPT-00-03},
	title = {{Summing Sudakov logarithms in B ---\ensuremath{>} X(s gamma) in effective field theory}},
	volume = {63},
	year = {2000},
	bdsk-url-1 = {https://doi.org/10.1103/PhysRevD.63.014006}}

@article{Bauer:2000yr,
	archiveprefix = {arXiv},
	author = {Bauer, Christian W. and Fleming, Sean and Pirjol, Dan and Stewart, Iain W.},
	doi = {10.1103/PhysRevD.63.114020},
	eprint = {hep-ph/0011336},
	journal = {Phys. Rev. D},
	pages = {114020},
	reportnumber = {UCSD-PTH-00-28},
	title = {{An Effective field theory for collinear and soft gluons: Heavy to light decays}},
	volume = {63},
	year = {2001},
	bdsk-url-1 = {https://doi.org/10.1103/PhysRevD.63.114020}}

@article{Bauer:2001ct,
	archiveprefix = {arXiv},
	author = {Bauer, Christian W. and Stewart, Iain W.},
	doi = {10.1016/S0370-2693(01)00902-9},
	eprint = {hep-ph/0107001},
	journal = {Phys. Lett. B},
	pages = {134--142},
	reportnumber = {UCSD-PTH-01-09},
	title = {{Invariant operators in collinear effective theory}},
	volume = {516},
	year = {2001},
	bdsk-url-1 = {https://doi.org/10.1016/S0370-2693(01)00902-9}}

@article{Bauer:2001yt,
	archiveprefix = {arXiv},
	author = {Bauer, Christian W. and Pirjol, Dan and Stewart, Iain W.},
	doi = {10.1103/PhysRevD.65.054022},
	eprint = {hep-ph/0109045},
	journal = {Phys. Rev. D},
	pages = {054022},
	reportnumber = {UCSD-PTH-01-15},
	title = {{Soft collinear factorization in effective field theory}},
	volume = {65},
	year = {2002},
	bdsk-url-1 = {https://doi.org/10.1103/PhysRevD.65.054022}}

@article{Ciafaloni:2003xf,
	archiveprefix = {arXiv},
	author = {Ciafaloni, Paolo and Comelli, Denis and Vergine, Antonio},
	doi = {10.1088/1126-6708/2004/07/039},
	eprint = {hep-ph/0311260},
	journal = {JHEP},
	pages = {039},
	title = {{Sudakov electroweak effects in transversely polarized beams}},
	volume = {07},
	year = {2004},
	bdsk-url-1 = {https://doi.org/10.1088/1126-6708/2004/07/039}}

@article{Ciafaloni:2005fm,
	archiveprefix = {arXiv},
	author = {Ciafaloni, Paolo and Comelli, Denis},
	doi = {10.1088/1126-6708/2005/11/022},
	eprint = {hep-ph/0505047},
	journal = {JHEP},
	pages = {022},
	title = {{Electroweak evolution equations}},
	volume = {11},
	year = {2005},
	bdsk-url-1 = {https://doi.org/10.1088/1126-6708/2005/11/022}}

@article{Ciafaloni:2006qu,
	archiveprefix = {arXiv},
	author = {Ciafaloni, Paolo and Comelli, Denis},
	doi = {10.1088/1126-6708/2006/09/055},
	eprint = {hep-ph/0604070},
	journal = {JHEP},
	pages = {055},
	title = {{The Importance of weak bosons emission at LHC}},
	volume = {09},
	year = {2006},
	bdsk-url-1 = {https://doi.org/10.1088/1126-6708/2006/09/055}}

@article{Baur:2006sn,
	archiveprefix = {arXiv},
	author = {Baur, U.},
	doi = {10.1103/PhysRevD.75.013005},
	eprint = {hep-ph/0611241},
	journal = {Phys. Rev. D},
	pages = {013005},
	reportnumber = {UB-HET-06-02},
	title = {{Weak Boson Emission in Hadron Collider Processes}},
	volume = {75},
	year = {2007},
	bdsk-url-1 = {https://doi.org/10.1103/PhysRevD.75.013005}}

@article{Bern:2012vx,
	archiveprefix = {arXiv},
	author = {Bern, Z. and Diana, G. and Dixon, L. J. and Febres Cordero, F. and H\"oche, S. and Ita, H. and Kosower, D. A. and Maitre, D. and Ozeren, K. J.},
	doi = {10.1103/PhysRevD.87.034026},
	eprint = {1206.6064},
	journal = {Phys. Rev. D},
	number = {3},
	pages = {034026},
	primaryclass = {hep-ph},
	reportnumber = {SLAC-PUB-15096, UCLA-12-TEP-103, CERN-PH-TH-2012-170, IPPP-11-42},
	title = {{Missing Energy and Jets for Supersymmetry Searches}},
	volume = {87},
	year = {2013},
	bdsk-url-1 = {https://doi.org/10.1103/PhysRevD.87.034026}}

@article{Christiansen:2014kba,
	archiveprefix = {arXiv},
	author = {Christiansen, Jesper Roy and Sj\"ostrand, Torbj\"orn},
	doi = {10.1007/JHEP04(2014)115},
	eprint = {1401.5238},
	journal = {JHEP},
	pages = {115},
	primaryclass = {hep-ph},
	reportnumber = {LU-TP-14-02, MCNET-14-01},
	title = {{Weak Gauge Boson Radiation in Parton Showers}},
	volume = {04},
	year = {2014},
	bdsk-url-1 = {https://doi.org/10.1007/JHEP04(2014)115}}

@article{Krauss:2014yaa,
	archiveprefix = {arXiv},
	author = {Krauss, Frank and Petrov, Petar and Schoenherr, Marek and Spannowsky, Michael},
	doi = {10.1103/PhysRevD.89.114006},
	eprint = {1403.4788},
	journal = {Phys. Rev. D},
	number = {11},
	pages = {114006},
	primaryclass = {hep-ph},
	reportnumber = {IPPP-14-04, DCPT-14-08, MCNET-14-06, LPN14-054},
	title = {{Measuring collinear W emissions inside jets}},
	volume = {89},
	year = {2014},
	bdsk-url-1 = {https://doi.org/10.1103/PhysRevD.89.114006}}

@article{Frixione:2014qaa,
	archiveprefix = {arXiv},
	author = {Frixione, S. and Hirschi, V. and Pagani, D. and Shao, H. S. and Zaro, M.},
	doi = {10.1007/JHEP09(2014)065},
	eprint = {1407.0823},
	journal = {JHEP},
	pages = {065},
	primaryclass = {hep-ph},
	reportnumber = {CERN-PH-TH-2014-123, CP3-14-49},
	title = {{Weak corrections to Higgs hadroproduction in association with a top-quark pair}},
	volume = {09},
	year = {2014},
	bdsk-url-1 = {https://doi.org/10.1007/JHEP09(2014)065}}

@article{Schonherr:2017qcj,
	archiveprefix = {arXiv},
	author = {Sch\"onherr, Marek},
	doi = {10.1140/epjc/s10052-018-5600-z},
	eprint = {1712.07975},
	journal = {Eur. Phys. J. C},
	number = {2},
	pages = {119},
	primaryclass = {hep-ph},
	reportnumber = {CERN-TH-17-281, CERN-TH-2017-281, MCNET-17-24},
	title = {{An automated subtraction of NLO EW infrared divergences}},
	volume = {78},
	year = {2018},
	bdsk-url-1 = {https://doi.org/10.1140/epjc/s10052-018-5600-z}}

@article{Pagani:2021iwa,
	archiveprefix = {arXiv},
	author = {Pagani, Davide and Shao, Hua-Sheng and Tsinikos, Ioannis and Zaro, Marco},
	doi = {10.1007/JHEP09(2021)155},
	eprint = {2106.02059},
	month = {6},
	primaryclass = {hep-ph},
	reportnumber = {DESY 21-083, DESY-21-083, LU-TP 21-19, TIF-UNIMI-2021-7},
	title = {{Automated EW corrections with isolated photons: $t \bar t \gamma$, $t \bar t \gamma\gamma$ and $t \gamma j$ as case studies}},
	year = {2021},
	bdsk-url-1 = {https://doi.org/10.1007/JHEP09(2021)155}}

@article{Buccioni:2019sur,
	archiveprefix = {arXiv},
	author = {Buccioni, Federico and Lang, Jean-Nicolas and Lindert, Jonas M. and Maierh\"ofer, Philipp and Pozzorini, Stefano and Zhang, Hantian and Zoller, Max F.},
	doi = {10.1140/epjc/s10052-019-7306-2},
	eprint = {1907.13071},
	journal = {Eur. Phys. J. C},
	number = {10},
	pages = {866},
	primaryclass = {hep-ph},
	reportnumber = {IPPP/19/62, FR-PHENO-2019-12, PSI-PR-19-15, ZU-TH 37/19},
	title = {{OpenLoops 2}},
	volume = {79},
	year = {2019},
	bdsk-url-1 = {https://doi.org/10.1140/epjc/s10052-019-7306-2}}

@article{Roth:1996pd,
	archiveprefix = {arXiv},
	author = {Roth, M. and Denner, Ansgar},
	doi = {10.1016/0550-3213(96)00435-X},
	eprint = {hep-ph/9605420},
	journal = {Nucl. Phys. B},
	pages = {495--514},
	reportnumber = {WUE-ITP-96-006},
	title = {{High-energy approximation of one loop Feynman integrals}},
	volume = {479},
	year = {1996},
	bdsk-url-1 = {https://doi.org/10.1016/0550-3213(96)00435-X}}

@article{Pagani:2016caq,
	archiveprefix = {arXiv},
	author = {Pagani, Davide and Tsinikos, Ioannis and Zaro, Marco},
	doi = {10.1140/epjc/s10052-016-4318-z},
	eprint = {1606.01915},
	journal = {Eur. Phys. J. C},
	number = {9},
	pages = {479},
	primaryclass = {hep-ph},
	reportnumber = {CP3-16-28},
	title = {{The impact of the photon PDF and electroweak corrections on $t \bar{t}$ distributions}},
	volume = {76},
	year = {2016},
	bdsk-url-1 = {https://doi.org/10.1140/epjc/s10052-016-4318-z}}

@article{Czakon:2017wor,
	archiveprefix = {arXiv},
	author = {Czakon, Michal and Heymes, David and Mitov, Alexander and Pagani, Davide and Tsinikos, Ioannis and Zaro, Marco},
	doi = {10.1007/JHEP10(2017)186},
	eprint = {1705.04105},
	journal = {JHEP},
	pages = {186},
	primaryclass = {hep-ph},
	reportnumber = {CAVENDISH-HEP-17-07, CP3-17-12, TUM-HEP-1084-17, TTK-17-15},
	title = {{Top-pair production at the LHC through NNLO QCD and NLO EW}},
	volume = {10},
	year = {2017},
	bdsk-url-1 = {https://doi.org/10.1007/JHEP10(2017)186}}

@article{Frederix:2017wme,
	archiveprefix = {arXiv},
	author = {Frederix, Rikkert and Pagani, Davide and Zaro, Marco},
	doi = {10.1007/JHEP02(2018)031},
	eprint = {1711.02116},
	journal = {JHEP},
	pages = {031},
	primaryclass = {hep-ph},
	title = {{Large NLO corrections in $t\bar{t}W^{\pm}$ and $t\bar{t}t\bar{t}$ hadroproduction from supposedly subleading EW contributions}},
	volume = {02},
	year = {2018},
	bdsk-url-1 = {https://doi.org/10.1007/JHEP02(2018)031}}

@article{Broggio:2019ewu,
	archiveprefix = {arXiv},
	author = {Broggio, Alessandro and Ferroglia, Andrea and Frederix, Rikkert and Pagani, Davide and Pecjak, Benjamin D. and Tsinikos, Ioannis},
	doi = {10.1007/JHEP08(2019)039},
	eprint = {1907.04343},
	journal = {JHEP},
	pages = {039},
	primaryclass = {hep-ph},
	reportnumber = {TUM-HEP-1208/19, LU-TP 19-30, IPPP/19/57},
	title = {{Top-quark pair hadroproduction in association with a heavy boson at NLO+NNLL including EW corrections}},
	volume = {08},
	year = {2019},
	bdsk-url-1 = {https://doi.org/10.1007/JHEP08(2019)039}}

@article{Frederix:2019ubd,
	archiveprefix = {arXiv},
	author = {Frederix, Rikkert and Pagani, Davide and Tsinikos, Ioannis},
	doi = {10.1007/JHEP09(2019)122},
	eprint = {1907.12586},
	journal = {JHEP},
	pages = {122},
	primaryclass = {hep-ph},
	reportnumber = {LU-TP 19-29, TUM-HEP-1216/19},
	title = {{Precise predictions for single-top production: the impact of EW corrections and QCD shower on the $t$-channel signature}},
	volume = {09},
	year = {2019},
	bdsk-url-1 = {https://doi.org/10.1007/JHEP09(2019)122}}

@article{Pagani:2020rsg,
	archiveprefix = {arXiv},
	author = {Pagani, Davide and Shao, Hua-Sheng and Zaro, Marco},
	doi = {10.1007/JHEP11(2020)036},
	eprint = {2005.10277},
	journal = {JHEP},
	pages = {036},
	primaryclass = {hep-ph},
	reportnumber = {DESY-20-089, DESY 20-089, TIF-UNIMI-2020-16},
	title = {{RIP $ Hb\overline{b} $: how other Higgs production modes conspire to kill a rare signal at the LHC}},
	volume = {11},
	year = {2020},
	bdsk-url-1 = {https://doi.org/10.1007/JHEP11(2020)036}}

@article{Pagani:2020mov,
	archiveprefix = {arXiv},
	author = {Pagani, Davide and Tsinikos, Ioannis and Vryonidou, Eleni},
	doi = {10.1007/JHEP08(2020)082},
	eprint = {2006.10086},
	journal = {JHEP},
	pages = {082},
	primaryclass = {hep-ph},
	reportnumber = {DESY-20-101, LU-TP 20-33, CERN-TH-2020-090},
	title = {{NLO QCD+EW predictions for $tHj$ and $tZj$ production at the LHC}},
	volume = {08},
	year = {2020},
	bdsk-url-1 = {https://doi.org/10.1007/JHEP08(2020)082}}

@article{Bothmann:2020sxm,
	archiveprefix = {arXiv},
	author = {Bothmann, Enrico and Napoletano, Davide},
	doi = {10.1140/epjc/s10052-020-08596-2},
	eprint = {2006.14635},
	journal = {Eur. Phys. J. C},
	number = {11},
	pages = {1024},
	primaryclass = {hep-ph},
	title = {{Automated evaluation of electroweak Sudakov logarithms in Sherpa}},
	volume = {80},
	year = {2020},
	bdsk-url-1 = {https://doi.org/10.1140/epjc/s10052-020-08596-2}}

@article{Mangano:2002ea,
	archiveprefix = {arXiv},
	author = {Mangano, Michelangelo L. and Moretti, Mauro and Piccinini, Fulvio and Pittau, Roberto and Polosa, Antonio D.},
	doi = {10.1088/1126-6708/2003/07/001},
	eprint = {hep-ph/0206293},
	journal = {JHEP},
	pages = {001},
	reportnumber = {CERN-TH-2002-129, FTN-T-2002-06},
	title = {{ALPGEN, a generator for hard multiparton processes in hadronic collisions}},
	volume = {07},
	year = {2003},
	bdsk-url-1 = {https://doi.org/10.1088/1126-6708/2003/07/001}}

@article{Beenakker:1993tt,
	author = {Beenakker, W. and Denner, Ansgar and Dittmaier, S. and Mertig, R. and Sack, T.},
	doi = {10.1016/0550-3213(93)90434-Q},
	journal = {Nucl. Phys. B},
	pages = {245--279},
	reportnumber = {CERN-TH-6832-93},
	title = {{High-energy approximation for on-shell W pair production}},
	volume = {410},
	year = {1993},
	bdsk-url-1 = {https://doi.org/10.1016/0550-3213(93)90434-Q}}

@article{Alwall:2014hca,
	archiveprefix = {arXiv},
	author = {Alwall, J. and Frederix, R. and Frixione, S. and Hirschi, V. and Maltoni, F. and Mattelaer, O. and Shao, H. -S. and Stelzer, T. and Torrielli, P. and Zaro, M.},
	doi = {10.1007/JHEP07(2014)079},
	eprint = {1405.0301},
	journal = {JHEP},
	pages = {079},
	primaryclass = {hep-ph},
	reportnumber = {CERN-PH-TH-2014-064, CP3-14-18, LPN14-066, MCNET-14-09, ZU-TH-14-14},
	title = {{The automated computation of tree-level and next-to-leading order differential cross sections, and their matching to parton shower simulations}},
	volume = {07},
	year = {2014},
	bdsk-url-1 = {https://doi.org/10.1007/JHEP07(2014)079}}

@article{Ossola:2006us,
	archiveprefix = {arXiv},
	author = {Ossola, Giovanni and Papadopoulos, Costas G. and Pittau, Roberto},
	doi = {10.1016/j.nuclphysb.2006.11.012},
	eprint = {hep-ph/0609007},
	journal = {Nucl. Phys. B},
	pages = {147--169},
	title = {{Reducing full one-loop amplitudes to scalar integrals at the integrand level}},
	volume = {763},
	year = {2007},
	bdsk-url-1 = {https://doi.org/10.1016/j.nuclphysb.2006.11.012}}

@article{Mastrolia:2012bu,
	archiveprefix = {arXiv},
	author = {Mastrolia, Pierpaolo and Mirabella, Edoardo and Peraro, Tiziano},
	doi = {10.1007/JHEP11(2012)128},
	eprint = {1203.0291},
	journal = {JHEP},
	note = {[Erratum: JHEP 11, 128 (2012)]},
	pages = {095},
	primaryclass = {hep-ph},
	reportnumber = {MPI-2012-51},
	title = {{Integrand reduction of one-loop scattering amplitudes through Laurent series expansion}},
	volume = {06},
	year = {2012},
	bdsk-url-1 = {https://doi.org/10.1007/JHEP11(2012)128}}

@article{Passarino:1978jh,
	author = {Passarino, G. and Veltman, M. J. G.},
	doi = {10.1016/0550-3213(79)90234-7},
	journal = {Nucl. Phys. B},
	pages = {151--207},
	reportnumber = {Print-79-0284 (UTRECHT)},
	title = {{One Loop Corrections for e+ e- Annihilation Into mu+ mu- in the Weinberg Model}},
	volume = {160},
	year = {1979},
	bdsk-url-1 = {https://doi.org/10.1016/0550-3213(79)90234-7}}

@article{Denner:2005nn,
	archiveprefix = {arXiv},
	author = {Denner, Ansgar and Dittmaier, S.},
	doi = {10.1016/j.nuclphysb.2005.11.007},
	eprint = {hep-ph/0509141},
	journal = {Nucl. Phys. B},
	pages = {62--115},
	reportnumber = {MPP-2005-84, PSI-PR-05-08},
	title = {{Reduction schemes for one-loop tensor integrals}},
	volume = {734},
	year = {2006},
	bdsk-url-1 = {https://doi.org/10.1016/j.nuclphysb.2005.11.007}}

@article{Hirschi:2011pa,
	archiveprefix = {arXiv},
	author = {Hirschi, Valentin and Frederix, Rikkert and Frixione, Stefano and Garzelli, Maria Vittoria and Maltoni, Fabio and Pittau, Roberto},
	doi = {10.1007/JHEP05(2011)044},
	eprint = {1103.0621},
	journal = {JHEP},
	pages = {044},
	primaryclass = {hep-ph},
	reportnumber = {CERN-PH-TH-2011-031, CP3-11-07, ZU-TH-01-11},
	title = {{Automation of one-loop QCD corrections}},
	volume = {05},
	year = {2011},
	bdsk-url-1 = {https://doi.org/10.1007/JHEP05(2011)044}}

@article{Ossola:2007ax,
	archiveprefix = {arXiv},
	author = {Ossola, Giovanni and Papadopoulos, Costas G. and Pittau, Roberto},
	doi = {10.1088/1126-6708/2008/03/042},
	eprint = {0711.3596},
	journal = {JHEP},
	pages = {042},
	primaryclass = {hep-ph},
	title = {{CutTools: A Program implementing the OPP reduction method to compute one-loop amplitudes}},
	volume = {03},
	year = {2008},
	bdsk-url-1 = {https://doi.org/10.1088/1126-6708/2008/03/042}}

@article{Denner:2016kdg,
	archiveprefix = {arXiv},
	author = {Denner, Ansgar and Dittmaier, Stefan and Hofer, Lars},
	doi = {10.1016/j.cpc.2016.10.013},
	eprint = {1604.06792},
	journal = {Comput. Phys. Commun.},
	pages = {220--238},
	primaryclass = {hep-ph},
	reportnumber = {FR-PHENO-2016-003, ICCUB-16-016},
	title = {{Collier: a fortran-based Complex One-Loop LIbrary in Extended Regularizations}},
	volume = {212},
	year = {2017},
	bdsk-url-1 = {https://doi.org/10.1016/j.cpc.2016.10.013}}

@article{Cascioli:2011va,
	archiveprefix = {arXiv},
	author = {Cascioli, Fabio and Maierhofer, Philipp and Pozzorini, Stefano},
	doi = {10.1103/PhysRevLett.108.111601},
	eprint = {1111.5206},
	journal = {Phys. Rev. Lett.},
	pages = {111601},
	primaryclass = {hep-ph},
	reportnumber = {ZU-TH-23-11, LPN11-66},
	title = {{Scattering Amplitudes with Open Loops}},
	volume = {108},
	year = {2012},
	bdsk-url-1 = {https://doi.org/10.1103/PhysRevLett.108.111601}}

@article{Frixione:2019fxg,
	archiveprefix = {arXiv},
	author = {Frixione, Stefano and Fuks, Benjamin and Hirschi, Valentin and Mawatari, Kentarou and Shao, Hua-Sheng and Sunder, P. A. and Zaro, Marco},
	doi = {10.1007/JHEP12(2019)008},
	eprint = {1907.04898},
	journal = {JHEP},
	pages = {008},
	primaryclass = {hep-ph},
	reportnumber = {OU-HET 1021, NIKHEF/2019-017},
	title = {{Automated simulations beyond the Standard Model: supersymmetry}},
	volume = {12},
	year = {2019},
	bdsk-url-1 = {https://doi.org/10.1007/JHEP12(2019)008}}

@article{Beenakker:1996ch,
	archiveprefix = {arXiv},
	author = {Beenakker, W. and Hopker, R. and Spira, M. and Zerwas, P. M.},
	doi = {10.1016/S0550-3213(97)80027-2},
	eprint = {hep-ph/9610490},
	journal = {Nucl. Phys. B},
	pages = {51--103},
	reportnumber = {DESY-96-150, CERN-TH-96-215},
	title = {{Squark and gluino production at hadron colliders}},
	volume = {492},
	year = {1997},
	bdsk-url-1 = {https://doi.org/10.1016/S0550-3213(97)80027-2}}

@article{Frixione:2008yi,
	archiveprefix = {arXiv},
	author = {Frixione, Stefano and Laenen, Eric and Motylinski, Patrick and Webber, Bryan R. and White, Chris D.},
	doi = {10.1088/1126-6708/2008/07/029},
	eprint = {0805.3067},
	journal = {JHEP},
	pages = {029},
	primaryclass = {hep-ph},
	reportnumber = {CERN-TH-2008-104, ITP-UU-08-27, NIKHEF-2008-005, ITFA-2008-16, CAVENDISH-HEP-08-06},
	title = {{Single-top hadroproduction in association with a W boson}},
	volume = {07},
	year = {2008},
	bdsk-url-1 = {https://doi.org/10.1088/1126-6708/2008/07/029}}

@article{Hollik:2012rc,
	archiveprefix = {arXiv},
	author = {Hollik, Wolfgang and Lindert, Jonas M. and Pagani, Davide},
	doi = {10.1007/JHEP03(2013)139},
	eprint = {1207.1071},
	journal = {JHEP},
	pages = {139},
	primaryclass = {hep-ph},
	reportnumber = {MPP-2012-106},
	title = {{NLO corrections to squark-squark production and decay at the LHC}},
	volume = {03},
	year = {2013},
	bdsk-url-1 = {https://doi.org/10.1007/JHEP03(2013)139}}

@article{Demartin:2016axk,
	archiveprefix = {arXiv},
	author = {Demartin, Federico and Maier, Benedikt and Maltoni, Fabio and Mawatari, Kentarou and Zaro, Marco},
	doi = {10.1140/epjc/s10052-017-4601-7},
	eprint = {1607.05862},
	journal = {Eur. Phys. J. C},
	number = {1},
	pages = {34},
	primaryclass = {hep-ph},
	reportnumber = {MCNET-16-30, CP3-16-40, LPSC16158},
	title = {{tWH associated production at the LHC}},
	volume = {77},
	year = {2017},
	bdsk-url-1 = {https://doi.org/10.1140/epjc/s10052-017-4601-7}}

@article{Degrande:2011ua,
	archiveprefix = {arXiv},
	author = {Degrande, Celine and Duhr, Claude and Fuks, Benjamin and Grellscheid, David and Mattelaer, Olivier and Reiter, Thomas},
	doi = {10.1016/j.cpc.2012.01.022},
	eprint = {1108.2040},
	journal = {Comput. Phys. Commun.},
	pages = {1201--1214},
	primaryclass = {hep-ph},
	reportnumber = {CP3-11-25, IPHC-PHENO-11-04, IPPP-11-39, DCPT-11-78, MPP-2011-68},
	title = {{UFO - The Universal FeynRules Output}},
	volume = {183},
	year = {2012},
	bdsk-url-1 = {https://doi.org/10.1016/j.cpc.2012.01.022}}

@article{Sudakov:1954sw,
	author = {Sudakov, V. V.},
	journal = {Sov. Phys. JETP},
	pages = {65--71},
	title = {{Vertex parts at very high-energies in quantum electrodynamics}},
	volume = {3},
	year = {1956}}

@article{Mangano:2016jyj,
	archiveprefix = {arXiv},
	author = {Mangano, M. L. and others},
	doi = {10.23731/CYRM-2017-003.1},
	eprint = {1607.01831},
	month = {7},
	primaryclass = {hep-ph},
	reportnumber = {CERN-TH-2016-112},
	title = {{Physics at a 100 TeV pp Collider: Standard Model Processes}},
	year = {2016},
	bdsk-url-1 = {https://doi.org/10.23731/CYRM-2017-003.1}}

@article{Bauer:2018xag,
	archiveprefix = {arXiv},
	author = {Bauer, Christian W. and Provasoli, Davide and Webber, Bryan R.},
	doi = {10.1007/JHEP11(2018)030},
	eprint = {1806.10157},
	journal = {JHEP},
	pages = {030},
	primaryclass = {hep-ph},
	reportnumber = {Cavendish-HEP-18/12},
	title = {{Standard Model Fragmentation Functions at Very High Energies}},
	volume = {11},
	year = {2018},
	bdsk-url-1 = {https://doi.org/10.1007/JHEP11(2018)030}}

@article{Chen:2016wkt,
	archiveprefix = {arXiv},
	author = {Chen, Junmou and Han, Tao and Tweedie, Brock},
	doi = {10.1007/JHEP11(2017)093},
	eprint = {1611.00788},
	journal = {JHEP},
	pages = {093},
	primaryclass = {hep-ph},
	reportnumber = {PITT-PACC-1602},
	title = {{Electroweak Splitting Functions and High Energy Showering}},
	volume = {11},
	year = {2017},
	bdsk-url-1 = {https://doi.org/10.1007/JHEP11(2017)093}}

@article{Kleiss:2020rcg,
	archiveprefix = {arXiv},
	author = {Kleiss, Ronald and Verheyen, Rob},
	doi = {10.1140/epjc/s10052-020-08510-w},
	eprint = {2002.09248},
	journal = {Eur. Phys. J. C},
	number = {10},
	pages = {980},
	primaryclass = {hep-ph},
	title = {{Collinear electroweak radiation in antenna parton showers}},
	volume = {80},
	year = {2020},
	bdsk-url-1 = {https://doi.org/10.1140/epjc/s10052-020-08510-w}}

@article{Manohar:2014vxa,
	archiveprefix = {arXiv},
	author = {Manohar, Aneesh and Shotwell, Brian and Bauer, Christian and Turczyk, Sascha},
	doi = {10.1016/j.physletb.2014.11.050},
	eprint = {1409.1918},
	journal = {Phys. Lett. B},
	pages = {179--187},
	primaryclass = {hep-ph},
	title = {{Non-cancellation of electroweak logarithms in high-energy scattering}},
	volume = {740},
	year = {2015},
	bdsk-url-1 = {https://doi.org/10.1016/j.physletb.2014.11.050}}

@article{Denner:2004iz,
	archiveprefix = {arXiv},
	author = {Denner, Ansgar and Pozzorini, S.},
	doi = {10.1016/j.nuclphysb.2005.03.036},
	eprint = {hep-ph/0408068},
	journal = {Nucl. Phys. B},
	pages = {48--85},
	reportnumber = {SFB-CPP-04-31, TTP04-17, PSI-PR-04-09},
	title = {{An Algorithm for the high-energy expansion of multi-loop diagrams to next-to-leading logarithmic accuracy}},
	volume = {717},
	year = {2005},
	bdsk-url-1 = {https://doi.org/10.1016/j.nuclphysb.2005.03.036}}

@article{Chiu:2007yn,
	archiveprefix = {arXiv},
	author = {Chiu, Jui-yu and Golf, Frank and Kelley, Randall and Manohar, Aneesh V.},
	doi = {10.1103/PhysRevLett.100.021802},
	eprint = {0709.2377},
	journal = {Phys. Rev. Lett.},
	pages = {021802},
	primaryclass = {hep-ph},
	title = {{Electroweak Sudakov corrections using effective field theory}},
	volume = {100},
	year = {2008},
	bdsk-url-1 = {https://doi.org/10.1103/PhysRevLett.100.021802}}

@article{Cerri:2018ypt,
	archiveprefix = {arXiv},
	author = {Cerri, A. and others},
	doi = {10.23731/CYRM-2019-007.867},
	editor = {Dainese, Andrea and Mangano, Michelangelo and Meyer, Andreas B. and Nisati, Aleandro and Salam, Gavin and Vesterinen, Mika Anton},
	eprint = {1812.07638},
	journal = {CERN Yellow Rep. Monogr.},
	pages = {867--1158},
	primaryclass = {hep-ph},
	reportnumber = {CERN-LPCC-2018-06},
	title = {{Report from Working Group 4}: {Opportunities in Flavour Physics at the HL-LHC and HE-LHC}},
	volume = {7},
	year = {2019},
	bdsk-url-1 = {https://doi.org/10.23731/CYRM-2019-007.867}}

@article{Citron:2018lsq,
	archiveprefix = {arXiv},
	author = {Citron, Z. and others},
	doi = {10.23731/CYRM-2019-007.1159},
	editor = {Dainese, Andrea and Mangano, Michelangelo and Meyer, Andreas B. and Nisati, Aleandro and Salam, Gavin and Vesterinen, Mika Anton},
	eprint = {1812.06772},
	journal = {CERN Yellow Rep. Monogr.},
	pages = {1159--1410},
	primaryclass = {hep-ph},
	reportnumber = {CERN-LPCC-2018-07},
	title = {{Report from Working Group 5}: {Future physics opportunities for high-density QCD at the LHC with heavy-ion and proton beams}},
	volume = {7},
	year = {2019},
	bdsk-url-1 = {https://doi.org/10.23731/CYRM-2019-007.1159}}

@article{Chiesa:2013yma,
	archiveprefix = {arXiv},
	author = {Chiesa, Mauro and Montagna, Guido and Barz\`e, Luca and Moretti, Mauro and Nicrosini, Oreste and Piccinini, Fulvio and Tramontano, Francesco},
	date-added = {2021-06-22 12:13:29 +0200},
	date-modified = {2021-06-22 12:13:29 +0200},
	doi = {10.1103/PhysRevLett.111.121801},
	eprint = {1305.6837},
	journal = {Phys. Rev. Lett.},
	number = {12},
	pages = {121801},
	primaryclass = {hep-ph},
	reportnumber = {CERN-PH-TH-2013-110, FNT-2013-02, LPN13-033},
	title = {{Electroweak Sudakov Corrections to New Physics Searches at the LHC}},
	volume = {111},
	year = {2013},
	bdsk-url-1 = {https://doi.org/10.1103/PhysRevLett.111.121801}}

@article{deAquino:2011ub,
	archiveprefix = {arXiv},
	author = {de Aquino, Priscila and Link, William and Maltoni, Fabio and Mattelaer, Olivier and Stelzer, Tim},
	date-added = {2021-06-21 14:43:28 +0200},
	date-modified = {2021-06-21 14:43:28 +0200},
	doi = {10.1016/j.cpc.2012.05.004},
	eprint = {1108.2041},
	journal = {Comput. Phys. Commun.},
	pages = {2254--2263},
	primaryclass = {hep-ph},
	reportnumber = {CP3-11-26},
	title = {{ALOHA: Automatic Libraries Of Helicity Amplitudes for Feynman Diagram Computations}},
	volume = {183},
	year = {2012},
	bdsk-url-1 = {https://doi.org/10.1016/j.cpc.2012.05.004}}

@article{Denner:2001gw,
	archiveprefix = {arXiv},
	author = {Denner, Ansgar and Pozzorini, Stefano},
	doi = {10.1007/s100520100721},
	eprint = {hep-ph/0104127},
	journal = {Eur. Phys. J. C},
	pages = {63--79},
	reportnumber = {PSI-PR-01-06, ZU-TH-13-01},
	title = {{One loop leading logarithms in electroweak radiative corrections. 2. Factorization of collinear singularities}},
	volume = {21},
	year = {2001},
	bdsk-url-1 = {https://doi.org/10.1007/s100520100721}}

@article{Denner:2000jv,
	archiveprefix = {arXiv},
	author = {Denner, Ansgar and Pozzorini, Stefano},
	doi = {10.1007/s100520100551},
	eprint = {hep-ph/0010201},
	journal = {Eur. Phys. J. C},
	pages = {461--480},
	reportnumber = {PSI-PR-00-15, ZU-TH-17-00},
	title = {{One loop leading logarithms in electroweak radiative corrections. 1. Results}},
	volume = {18},
	year = {2001},
	bdsk-url-1 = {https://doi.org/10.1007/s100520100551}}

@article{Denner:1991kt,
	archiveprefix = {arXiv},
	author = {Denner, Ansgar},
	doi = {10.1002/prop.2190410402},
	eprint = {0709.1075},
	journal = {Fortsch. Phys.},
	pages = {307--420},
	primaryclass = {hep-ph},
	reportnumber = {PRINT-91-0349 (WURZBURG)},
	title = {{Techniques for calculation of electroweak radiative corrections at the one loop level and results for W physics at LEP-200}},
	volume = {41},
	year = {1993},
	bdsk-url-1 = {https://doi.org/10.1002/prop.2190410402}}

@article{Biedermann:2016yds,
	archiveprefix = {arXiv},
	author = {Biedermann, Benedikt and Denner, Ansgar and Pellen, Mathieu},
	doi = {10.1103/PhysRevLett.118.261801},
	eprint = {1611.02951},
	journal = {Phys. Rev. Lett.},
	number = {26},
	pages = {261801},
	primaryclass = {hep-ph},
	title = {{Large electroweak corrections to vector-boson scattering at the Large Hadron Collider}},
	volume = {118},
	year = {2017},
	bdsk-url-1 = {https://doi.org/10.1103/PhysRevLett.118.261801}}

@article{Frederix:2020jzp,
	archiveprefix = {arXiv},
	author = {Frederix, Rikkert and Tsinikos, Ioannis},
	doi = {10.1140/epjc/s10052-020-8388-6},
	eprint = {2004.09552},
	journal = {Eur. Phys. J. C},
	number = {9},
	pages = {803},
	primaryclass = {hep-ph},
	reportnumber = {LU-TP 20-19},
	title = {{Subleading EW corrections and spin-correlation effects in $t\bar{t}W$ multi-lepton signatures}},
	volume = {80},
	year = {2020},
	bdsk-url-1 = {https://doi.org/10.1140/epjc/s10052-020-8388-6}}

@article{Cordero:2021iau,
	archiveprefix = {arXiv},
	author = {Cordero, F. Febres and Kraus, M. and Reina, L.},
	eprint = {2101.11808},
	month = {1},
	primaryclass = {hep-ph},
	title = {{Top-quark pair production in association with a $W^\pm$ gauge boson in the POWHEG-BOX}},
	year = {2021}}

@article{Denner:2021hqi,
	archiveprefix = {arXiv},
	author = {Denner, Ansgar and Pelliccioli, Giovanni},
	doi = {10.1140/epjc/s10052-021-09143-3},
	eprint = {2102.03246},
	journal = {Eur. Phys. J. C},
	number = {4},
	pages = {354},
	primaryclass = {hep-ph},
	title = {{Combined NLO EW and QCD corrections to off-shell $\text {t} \overline{\text {t}}\text {W} $ production at the LHC}},
	volume = {81},
	year = {2021},
	bdsk-url-1 = {https://doi.org/10.1140/epjc/s10052-021-09143-3}}

@article{Kulesza:2020nfh,
	archiveprefix = {arXiv},
	author = {Kulesza, Anna and Motyka, Leszek and Schwartl\"ander, Daniel and Stebel, Tomasz and Theeuwes, Vincent},
	doi = {10.1140/epjc/s10052-020-7987-6},
	eprint = {2001.03031},
	journal = {Eur. Phys. J. C},
	number = {5},
	pages = {428},
	primaryclass = {hep-ph},
	reportnumber = {MS-TP-20-01},
	title = {{Associated top quark pair production with a heavy boson: differential cross sections at NLO+NNLL accuracy}},
	volume = {80},
	year = {2020},
	bdsk-url-1 = {https://doi.org/10.1140/epjc/s10052-020-7987-6}}

@article{Frixione:1995ms,
	archiveprefix = {arXiv},
	author = {Frixione, S. and Kunszt, Z. and Signer, A.},
	doi = {10.1016/0550-3213(96)00110-1},
	eprint = {hep-ph/9512328},
	journal = {Nucl. Phys. B},
	pages = {399--442},
	reportnumber = {SLAC-PUB-7073, SLAC-PUB-95-7073, ETH-TH-95-42},
	title = {{Three jet cross-sections to next-to-leading order}},
	volume = {467},
	year = {1996},
	bdsk-url-1 = {https://doi.org/10.1016/0550-3213(96)00110-1}}

@article{Bothmann:2017jfv,
	archiveprefix = {arXiv},
	author = {Bothmann, Enrico and Krauss, Frank and Sch\"onherr, Marek},
	doi = {10.1140/epjc/s10052-018-5696-1},
	eprint = {1711.02568},
	journal = {Eur. Phys. J. C},
	number = {3},
	pages = {220},
	primaryclass = {hep-ph},
	reportnumber = {CERN-TH-2017-234, EDINBURGH-17-22, IPPP-17-83, MCNET-17-17},
	title = {{Single top-quark production with SHERPA}},
	volume = {78},
	year = {2018},
	bdsk-url-1 = {https://doi.org/10.1140/epjc/s10052-018-5696-1}}

@article{Maltoni:2012pa,
	archiveprefix = {arXiv},
	author = {Maltoni, Fabio and Ridolfi, Giovanni and Ubiali, Maria},
	doi = {10.1007/JHEP04(2013)095},
	eprint = {1203.6393},
	journal = {JHEP},
	note = {[Erratum: JHEP 04, 095 (2013)]},
	pages = {022},
	primaryclass = {hep-ph},
	reportnumber = {CP3-12-15, TTK-12-11},
	title = {{b-initiated processes at the LHC: a reappraisal}},
	volume = {07},
	year = {2012},
	bdsk-url-1 = {https://doi.org/10.1007/JHEP04(2013)095}}

@article{Gao:2020ejr,
	archiveprefix = {arXiv},
	author = {Gao, Jun and Berger, Edmond L.},
	doi = {10.1016/j.physletb.2020.135886},
	eprint = {2005.12936},
	journal = {Phys. Lett. B},
	pages = {135886},
	primaryclass = {hep-ph},
	title = {{Modeling of $t$-channel single top-quark production at the LHC}},
	volume = {811},
	year = {2020},
	bdsk-url-1 = {https://doi.org/10.1016/j.physletb.2020.135886}}

@article{Campbell:2009ss,
	archiveprefix = {arXiv},
	author = {Campbell, John M. and Frederix, Rikkert and Maltoni, Fabio and Tramontano, Francesco},
	doi = {10.1103/PhysRevLett.102.182003},
	eprint = {0903.0005},
	journal = {Phys. Rev. Lett.},
	pages = {182003},
	primaryclass = {hep-ph},
	title = {{Next-to-Leading-Order Predictions for t-Channel Single-Top Production at Hadron Colliders}},
	volume = {102},
	year = {2009},
	bdsk-url-1 = {https://doi.org/10.1103/PhysRevLett.102.182003}}

@article{Frixione:1997np,
	archiveprefix = {arXiv},
	author = {Frixione, S.},
	doi = {10.1016/S0550-3213(97)00574-9},
	eprint = {hep-ph/9706545},
	journal = {Nucl. Phys. B},
	pages = {295--314},
	reportnumber = {ETH-TH-97-14},
	title = {{A General approach to jet cross-sections in QCD}},
	volume = {507},
	year = {1997},
	bdsk-url-1 = {https://doi.org/10.1016/S0550-3213(97)00574-9}}

@article{Frederix:2016rdc,
	archiveprefix = {arXiv},
	author = {Frederix, Rikkert and Frixione, Stefano and Papanastasiou, Andrew S. and Prestel, Stefan and Torrielli, Paolo},
	doi = {10.1007/JHEP06(2016)027},
	eprint = {1603.01178},
	journal = {JHEP},
	pages = {027},
	primaryclass = {hep-ph},
	reportnumber = {CAVENDISH-HEP-16-03, TUM-HEP-1037-16},
	title = {{Off-shell single-top production at NLO matched to parton showers}},
	volume = {06},
	year = {2016},
	bdsk-url-1 = {https://doi.org/10.1007/JHEP06(2016)027}}

@article{Hirschi:2016mdz,
	archiveprefix = {arXiv},
	author = {Hirschi, Valentin and Peraro, Tiziano},
	doi = {10.1007/JHEP06(2016)060},
	eprint = {1604.01363},
	journal = {JHEP},
	pages = {060},
	primaryclass = {hep-ph},
	reportnumber = {SLAC-PUB-16503, EDINBURGH-2016-05},
	title = {{Tensor integrand reduction via Laurent expansion}},
	volume = {06},
	year = {2016},
	bdsk-url-1 = {https://doi.org/10.1007/JHEP06(2016)060}}

@article{Peraro:2014cba,
	archiveprefix = {arXiv},
	author = {Peraro, Tiziano},
	doi = {10.1016/j.cpc.2014.06.017},
	eprint = {1403.1229},
	journal = {Comput. Phys. Commun.},
	pages = {2771--2797},
	primaryclass = {hep-ph},
	reportnumber = {MPP-2014-50},
	title = {{Ninja: Automated Integrand Reduction via Laurent Expansion for One-Loop Amplitudes}},
	volume = {185},
	year = {2014},
	bdsk-url-1 = {https://doi.org/10.1016/j.cpc.2014.06.017}}

@article{Sirunyan:2018bsr,
	archiveprefix = {arXiv},
	author = {Sirunyan, Albert M and others},
	collaboration = {CMS},
	doi = {10.1103/PhysRevLett.121.221802},
	eprint = {1808.02913},
	journal = {Phys. Rev. Lett.},
	number = {22},
	pages = {221802},
	primaryclass = {hep-ex},
	reportnumber = {CMS-TOP-17-016, CERN-EP-2018-206},
	title = {{Evidence for the associated production of a single top quark and a photon in proton-proton collisions at $\sqrt{s}=$ 13 TeV}},
	volume = {121},
	year = {2018},
	bdsk-url-1 = {https://doi.org/10.1103/PhysRevLett.121.221802}}

@article{Aad:2020axn,
	archiveprefix = {arXiv},
	author = {Aad, Georges and others},
	collaboration = {ATLAS},
	doi = {10.1007/JHEP09(2020)049},
	eprint = {2007.06946},
	journal = {JHEP},
	pages = {049},
	primaryclass = {hep-ex},
	reportnumber = {CERN-EP-2020-100},
	title = {{Measurements of inclusive and differential cross-sections of combined $ t\overline{t}\gamma $ and $tW\gamma$ production in the e$\mu$ channel at 13 TeV with the ATLAS detector}},
	volume = {09},
	year = {2020},
	bdsk-url-1 = {https://doi.org/10.1007/JHEP09(2020)049}}

@article{Aaboud:2018hip,
	archiveprefix = {arXiv},
	author = {Aaboud, Morad and others},
	collaboration = {ATLAS},
	doi = {10.1140/epjc/s10052-019-6849-6},
	eprint = {1812.01697},
	journal = {Eur. Phys. J. C},
	number = {5},
	pages = {382},
	primaryclass = {hep-ex},
	reportnumber = {CERN-EP-2018-302},
	title = {{Measurements of inclusive and differential fiducial cross-sections of $t\bar{t}\gamma $ production in leptonic final states at $\sqrt{s}=13~\text {TeV}$ in ATLAS}},
	volume = {79},
	year = {2019},
	bdsk-url-1 = {https://doi.org/10.1140/epjc/s10052-019-6849-6}}

@article{Aaboud:2017era,
	archiveprefix = {arXiv},
	author = {Aaboud, Morad and others},
	collaboration = {ATLAS},
	doi = {10.1007/JHEP11(2017)086},
	eprint = {1706.03046},
	journal = {JHEP},
	pages = {086},
	primaryclass = {hep-ex},
	reportnumber = {CERN-EP-2017-086},
	title = {{Measurement of the $ t\overline{t}\gamma $ production cross section in proton-proton collisions at $ \sqrt{s}=8 $ TeV with the ATLAS detector}},
	volume = {11},
	year = {2017},
	bdsk-url-1 = {https://doi.org/10.1007/JHEP11(2017)086}}

@article{Aad:2015uwa,
	archiveprefix = {arXiv},
	author = {Aad, Georges and others},
	collaboration = {ATLAS},
	doi = {10.1103/PhysRevD.91.072007},
	eprint = {1502.00586},
	journal = {Phys. Rev. D},
	number = {7},
	pages = {072007},
	primaryclass = {hep-ex},
	reportnumber = {CERN-PH-EP-2014-284},
	title = {{Observation of top-quark pair production in association with a photon and measurement of the $t\bar{t}\gamma$ production cross section in pp collisions at $\sqrt{s}=7$ TeV using the ATLAS detector}},
	volume = {91},
	year = {2015},
	bdsk-url-1 = {https://doi.org/10.1103/PhysRevD.91.072007}}

@article{Aad:2019pxo,
	archiveprefix = {arXiv},
	author = {Aad, Georges and others},
	collaboration = {ATLAS},
	doi = {10.1016/j.physletb.2019.135082},
	eprint = {1908.08461},
	journal = {Phys. Lett. B},
	pages = {135082},
	primaryclass = {hep-ex},
	reportnumber = {CERN-EP-2019-155},
	title = {{Search for flavour-changing neutral currents in processes with one top quark and a photon using 81 fb$^{-1}$ of $pp$ collisions at $\sqrt{s} = 13$ TeV with the ATLAS experiment}},
	volume = {800},
	year = {2020},
	bdsk-url-1 = {https://doi.org/10.1016/j.physletb.2019.135082}}

@article{Bergner:2018lgm,
	archiveprefix = {arXiv},
	author = {Bergner, Jonas and Schulze, Markus},
	doi = {10.1140/epjc/s10052-019-6707-6},
	eprint = {1812.10535},
	journal = {Eur. Phys. J. C},
	number = {3},
	pages = {189},
	primaryclass = {hep-ph},
	reportnumber = {HU-EP-18/42},
	title = {{The top quark charge asymmetry in $t\bar{t}\gamma$ production at the LHC}},
	volume = {79},
	year = {2019},
	bdsk-url-1 = {https://doi.org/10.1140/epjc/s10052-019-6707-6}}

@article{Sirunyan:2017iyh,
	archiveprefix = {arXiv},
	author = {Sirunyan, Albert M and others},
	collaboration = {CMS},
	doi = {10.1007/JHEP10(2017)006},
	eprint = {1706.08128},
	journal = {JHEP},
	pages = {006},
	primaryclass = {hep-ex},
	reportnumber = {CMS-TOP-14-008, CERN-EP-2017-112},
	title = {{Measurement of the semileptonic $ \mathrm{t}\overline{\mathrm{t}} $ + \ensuremath{\gamma} production cross section in pp collisions at $ \sqrt{s}=8 $ TeV}},
	volume = {10},
	year = {2017},
	bdsk-url-1 = {https://doi.org/10.1007/JHEP10(2017)006}}

@article{Campbell:2013yla,
	archiveprefix = {arXiv},
	author = {Campbell, John and Ellis, R. Keith and R\"ontsch, Raoul},
	doi = {10.1103/PhysRevD.87.114006},
	eprint = {1302.3856},
	journal = {Phys. Rev. D},
	pages = {114006},
	primaryclass = {hep-ph},
	reportnumber = {FERMILAB-PUB-13-043-T},
	title = {{Single top production in association with a Z boson at the LHC}},
	volume = {87},
	year = {2013},
	bdsk-url-1 = {https://doi.org/10.1103/PhysRevD.87.114006}}

@article{Demartin:2015uha,
	archiveprefix = {arXiv},
	author = {Demartin, Federico and Maltoni, Fabio and Mawatari, Kentarou and Zaro, Marco},
	doi = {10.1140/epjc/s10052-015-3475-9},
	eprint = {1504.00611},
	journal = {Eur. Phys. J. C},
	number = {6},
	pages = {267},
	primaryclass = {hep-ph},
	reportnumber = {MCNET-15-07, CP3-15-08},
	title = {{Higgs production in association with a single top quark at the LHC}},
	volume = {75},
	year = {2015},
	bdsk-url-1 = {https://doi.org/10.1140/epjc/s10052-015-3475-9}}

@inproceedings{Amoroso:2020lgh,
	archiveprefix = {arXiv},
	author = {Amoroso, S. and others},
	booktitle = {{11th Les Houches Workshop on Physics at TeV Colliders}: {PhysTeV Les Houches}},
	eprint = {2003.01700},
	month = {3},
	primaryclass = {hep-ph},
	title = {{Les Houches 2019: Physics at TeV Colliders: Standard Model Working Group Report}},
	year = {2020}}

@article{Frixione:1998jh,
	archiveprefix = {arXiv},
	author = {Frixione, Stefano},
	doi = {10.1016/S0370-2693(98)00454-7},
	eprint = {hep-ph/9801442},
	journal = {Phys. Lett. B},
	pages = {369--374},
	reportnumber = {ETH-TH-97-40},
	title = {{Isolated photons in perturbative QCD}},
	volume = {429},
	year = {1998},
	bdsk-url-1 = {https://doi.org/10.1016/S0370-2693(98)00454-7}}

@article{Andersen:2014efa,
	archiveprefix = {arXiv},
	author = {Andersen, J. R. and others},
	eprint = {1405.1067},
	month = {5},
	primaryclass = {hep-ph},
	title = {{Les Houches 2013: Physics at TeV Colliders: Standard Model Working Group Report}},
	year = {2014}}

@article{Harland-Lang:2016lhw,
	archiveprefix = {arXiv},
	author = {Harland-Lang, L. A. and Khoze, V. A. and Ryskin, M. G.},
	doi = {10.1016/j.physletb.2016.08.004},
	eprint = {1605.04935},
	journal = {Phys. Lett. B},
	pages = {20--24},
	primaryclass = {hep-ph},
	reportnumber = {IPPP-16-35},
	title = {{Sudakov effects in photon-initiated processes}},
	volume = {761},
	year = {2016},
	bdsk-url-1 = {https://doi.org/10.1016/j.physletb.2016.08.004}}

@article{Kallweit:2017khh,
	archiveprefix = {arXiv},
	author = {Kallweit, S. and Lindert, J. M. and Pozzorini, S. and Sch\"onherr, M.},
	doi = {10.1007/JHEP11(2017)120},
	eprint = {1705.00598},
	journal = {JHEP},
	pages = {120},
	primaryclass = {hep-ph},
	reportnumber = {IPPP-17-32, MCNET-17-05, CERN-TH-2017-097, ZU-TH-09-17, MCNET--17--05},
	title = {{NLO QCD+EW predictions for $2\ell2\nu$ diboson signatures at the LHC}},
	volume = {11},
	year = {2017},
	bdsk-url-1 = {https://doi.org/10.1007/JHEP11(2017)120}}

@article{Denner:2015fca,
	archiveprefix = {arXiv},
	author = {Denner, Ansgar and Dittmaier, Stefan and Hecht, Markus and Pasold, Christian},
	doi = {10.1007/JHEP02(2016)057},
	eprint = {1510.08742},
	journal = {JHEP},
	pages = {057},
	primaryclass = {hep-ph},
	reportnumber = {FR-PHENO-2015-012},
	title = {{NLO QCD and electroweak corrections to $Z+\gamma$ production with leptonic Z-boson decays}},
	volume = {02},
	year = {2016},
	bdsk-url-1 = {https://doi.org/10.1007/JHEP02(2016)057}}

@article{Bierweiler:2013dja,
	archiveprefix = {arXiv},
	author = {Bierweiler, Anastasiya and Kasprzik, Tobias and K\"uhn, Johann H.},
	doi = {10.1007/JHEP12(2013)071},
	eprint = {1305.5402},
	journal = {JHEP},
	pages = {071},
	primaryclass = {hep-ph},
	title = {{Vector-boson pair production at the LHC to $\mathcal{O}(\alpha^3)$ accuracy}},
	volume = {12},
	year = {2013},
	bdsk-url-1 = {https://doi.org/10.1007/JHEP12(2013)071}}

@article{Greiner:2017mft,
	archiveprefix = {arXiv},
	author = {Greiner, Nicolas and Sch\"onherr, Marek},
	doi = {10.1007/JHEP01(2018)079},
	eprint = {1710.11514},
	journal = {JHEP},
	pages = {079},
	primaryclass = {hep-ph},
	reportnumber = {ZU\textendash{}TH 31/17, CERN-TH-2017-226},
	title = {{NLO QCD+EW corrections to diphoton production in association with a vector boson}},
	volume = {01},
	year = {2018},
	bdsk-url-1 = {https://doi.org/10.1007/JHEP01(2018)079}}

@article{Davydychev:1991va,
	author = {Davydychev, Andrei I.},
	doi = {10.1016/0370-2693(91)91715-8},
	journal = {Phys. Lett. B},
	pages = {107--111},
	reportnumber = {MSU-91-10-214},
	title = {{A Simple formula for reducing Feynman diagrams to scalar integrals}},
	volume = {263},
	year = {1991},
	bdsk-url-1 = {https://doi.org/10.1016/0370-2693(91)91715-8}}

@article{Frederix:2009yq,
	archiveprefix = {arXiv},
	author = {Frederix, Rikkert and Frixione, Stefano and Maltoni, Fabio and Stelzer, Tim},
	doi = {10.1088/1126-6708/2009/10/003},
	eprint = {0908.4272},
	journal = {JHEP},
	pages = {003},
	primaryclass = {hep-ph},
	reportnumber = {CERN-TH-2009-157, CP3-09-39},
	title = {{Automation of next-to-leading order computations in QCD: The FKS subtraction}},
	volume = {10},
	year = {2009},
	bdsk-url-1 = {https://doi.org/10.1088/1126-6708/2009/10/003}}

@article{Denner:1999gp,
	archiveprefix = {arXiv},
	author = {Denner, Ansgar and Dittmaier, S. and Roth, M. and Wackeroth, D.},
	doi = {10.1016/S0550-3213(99)00437-X},
	eprint = {hep-ph/9904472},
	journal = {Nucl. Phys. B},
	pages = {33--65},
	reportnumber = {BI-TP-99-10, PSI-PR-99-12},
	title = {{Predictions for all processes e+ e- ---\ensuremath{>} 4 fermions + gamma}},
	volume = {560},
	year = {1999},
	bdsk-url-1 = {https://doi.org/10.1016/S0550-3213(99)00437-X}}

@article{Denner:2005fg,
	archiveprefix = {arXiv},
	author = {Denner, Ansgar and Dittmaier, S. and Roth, M. and Wieders, L. H.},
	doi = {10.1016/j.nuclphysb.2011.09.001},
	eprint = {hep-ph/0505042},
	journal = {Nucl. Phys. B},
	note = {[Erratum: Nucl.Phys.B 854, 504--507 (2012)]},
	pages = {247--294},
	reportnumber = {MPP-2005-23, PSI-PR-05-05},
	title = {{Electroweak corrections to charged-current e+ e- ---\ensuremath{>} 4 fermion processes: Technical details and further results}},
	volume = {724},
	year = {2005},
	bdsk-url-1 = {https://doi.org/10.1016/j.nuclphysb.2011.09.001}}

@article{Ball:2017nwa,
	archiveprefix = {arXiv},
	author = {Ball, Richard D. and others},
	collaboration = {NNPDF},
	doi = {10.1140/epjc/s10052-017-5199-5},
	eprint = {1706.00428},
	journal = {Eur. Phys. J. C},
	number = {10},
	pages = {663},
	primaryclass = {hep-ph},
	reportnumber = {EDINBURGH-2017-08, NIKHEF-2017-006, OUTP-17-04P, TIF-UNIMI-2017-3, CAVENDISH-HEP-17-06, CERN-TH-2017-077, Edinburgh 2017/08, Nikhef/2017-006, OUTP-17-04P,TIF-UNIMI-2017-3},
	title = {{Parton distributions from high-precision collider data}},
	volume = {77},
	year = {2017},
	bdsk-url-1 = {https://doi.org/10.1140/epjc/s10052-017-5199-5}}

@article{Bertone:2017bme,
	archiveprefix = {arXiv},
	author = {Bertone, Valerio and Carrazza, Stefano and Hartland, Nathan P. and Rojo, Juan},
	collaboration = {NNPDF},
	doi = {10.21468/SciPostPhys.5.1.008},
	eprint = {1712.07053},
	journal = {SciPost Phys.},
	number = {1},
	pages = {008},
	primaryclass = {hep-ph},
	reportnumber = {Nikhef/2017-064, CERN-TH-2017-235, NIKHEF-2017-064},
	title = {{Illuminating the photon content of the proton within a global PDF analysis}},
	volume = {5},
	year = {2018},
	bdsk-url-1 = {https://doi.org/10.21468/SciPostPhys.5.1.008}}

@article{Cacciari:2008gp,
	archiveprefix = {arXiv},
	author = {Cacciari, Matteo and Salam, Gavin P. and Soyez, Gregory},
	doi = {10.1088/1126-6708/2008/04/063},
	eprint = {0802.1189},
	journal = {JHEP},
	pages = {063},
	primaryclass = {hep-ph},
	reportnumber = {LPTHE-07-03},
	title = {{The anti-$k_t$ jet clustering algorithm}},
	volume = {04},
	year = {2008},
	bdsk-url-1 = {https://doi.org/10.1088/1126-6708/2008/04/063}}

@article{Cacciari:2011ma,
	archiveprefix = {arXiv},
	author = {Cacciari, Matteo and Salam, Gavin P. and Soyez, Gregory},
	doi = {10.1140/epjc/s10052-012-1896-2},
	eprint = {1111.6097},
	journal = {Eur. Phys. J. C},
	pages = {1896},
	primaryclass = {hep-ph},
	reportnumber = {CERN-PH-TH-2011-297},
	title = {{FastJet User Manual}},
	volume = {72},
	year = {2012},
	bdsk-url-1 = {https://doi.org/10.1140/epjc/s10052-012-1896-2}}

@article{Duan:2016qlc,
	archiveprefix = {arXiv},
	author = {Duan, Peng-Fei and Zhang, Yu and Wang, Yong and Song, Mao and Li, Gang},
	doi = {10.1016/j.physletb.2016.12.061},
	eprint = {1612.00248},
	journal = {Phys. Lett. B},
	pages = {102--106},
	primaryclass = {hep-ph},
	title = {{Electroweak corrections to top quark pair production in association with a hard photon at hadron colliders}},
	volume = {766},
	year = {2017},
	bdsk-url-1 = {https://doi.org/10.1016/j.physletb.2016.12.061}}

@article{PengFei:2009ph,
	archiveprefix = {arXiv},
	author = {Duan, Peng-Fei and Ma, Wen-Gan and Zhang, Ren-You and Han, Liang and Guo, Lei and Wang, Shao-Ming},
	doi = {10.1103/PhysRevD.80.014022},
	eprint = {0907.1324},
	journal = {Phys. Rev. D},
	pages = {014022},
	primaryclass = {hep-ph},
	title = {{QCD corrections to associated production of $t\bar t\gamma$ at hadron colliders}},
	volume = {80},
	year = {2009},
	bdsk-url-1 = {https://doi.org/10.1103/PhysRevD.80.014022}}

@article{PengFei:2011qg,
	archiveprefix = {arXiv},
	author = {Duan, Peng-Fei and Zhang, Ren-You and Ma, Wen-Gan and Han, Liang and Guo, Lei and Wang, Shao-Ming},
	doi = {10.1088/0256-307X/28/11/111401},
	eprint = {1110.2315},
	journal = {Chin. Phys. Lett.},
	pages = {111401},
	primaryclass = {hep-ph},
	title = {{Next-to-leading order QCD corrections to $t\bar t\gamma$ production at the 7 TeV LHC}},
	volume = {28},
	year = {2011},
	bdsk-url-1 = {https://doi.org/10.1088/0256-307X/28/11/111401}}

@article{Maltoni:2015ena,
	archiveprefix = {arXiv},
	author = {Maltoni, Fabio and Pagani, Davide and Tsinikos, Ioannis},
	doi = {10.1007/JHEP02(2016)113},
	eprint = {1507.05640},
	journal = {JHEP},
	pages = {113},
	primaryclass = {hep-ph},
	reportnumber = {CP3-15-20},
	title = {{Associated production of a top-quark pair with vector bosons at NLO in QCD: impact on $ \mathrm{t}\overline{\mathrm{t}}\mathrm{H} $ searches at the LHC}},
	volume = {02},
	year = {2016},
	bdsk-url-1 = {https://doi.org/10.1007/JHEP02(2016)113}}

@article{Kardos:2014zba,
	archiveprefix = {arXiv},
	author = {Kardos, Adam and Tr\'ocs\'anyi, Zolt\'an},
	doi = {10.1007/JHEP05(2015)090},
	eprint = {1406.2324},
	journal = {JHEP},
	pages = {090},
	primaryclass = {hep-ph},
	title = {{Hadroproduction of t anti-t pair in association with an isolated photon at NLO accuracy matched with parton shower}},
	volume = {05},
	year = {2015},
	bdsk-url-1 = {https://doi.org/10.1007/JHEP05(2015)090}}

@article{Bevilacqua:2011xh,
	archiveprefix = {arXiv},
	author = {Bevilacqua, G. and Czakon, M. and Garzelli, M. V. and van Hameren, A. and Kardos, A. and Papadopoulos, C. G. and Pittau, R. and Worek, M.},
	doi = {10.1016/j.cpc.2012.10.033},
	eprint = {1110.1499},
	journal = {Comput. Phys. Commun.},
	pages = {986--997},
	primaryclass = {hep-ph},
	reportnumber = {DEMO-INP-HEPP-2011-4, WUB-11-13, TTK-11-43, IFJPAN-IV-2011-7},
	title = {{HELAC-NLO}},
	volume = {184},
	year = {2013},
	bdsk-url-1 = {https://doi.org/10.1016/j.cpc.2012.10.033}}

@article{Frixione:2007vw,
	archiveprefix = {arXiv},
	author = {Frixione, Stefano and Nason, Paolo and Oleari, Carlo},
	doi = {10.1088/1126-6708/2007/11/070},
	eprint = {0709.2092},
	journal = {JHEP},
	pages = {070},
	primaryclass = {hep-ph},
	reportnumber = {BICOCCA-FT-07-9, GEF-TH-21-2007},
	title = {{Matching NLO QCD computations with Parton Shower simulations: the POWHEG method}},
	volume = {11},
	year = {2007},
	bdsk-url-1 = {https://doi.org/10.1088/1126-6708/2007/11/070}}

@article{Alioli:2010xd,
	archiveprefix = {arXiv},
	author = {Alioli, Simone and Nason, Paolo and Oleari, Carlo and Re, Emanuele},
	doi = {10.1007/JHEP06(2010)043},
	eprint = {1002.2581},
	journal = {JHEP},
	pages = {043},
	primaryclass = {hep-ph},
	reportnumber = {DESY-10-018, SFB-CPP-10-22, IPPP-10-11, DCPT-10-22},
	title = {{A general framework for implementing NLO calculations in shower Monte Carlo programs: the POWHEG BOX}},
	volume = {06},
	year = {2010},
	bdsk-url-1 = {https://doi.org/10.1007/JHEP06(2010)043}}

@article{Melnikov:2011ta,
	archiveprefix = {arXiv},
	author = {Melnikov, Kirill and Schulze, Markus and Scharf, Andreas},
	doi = {10.1103/PhysRevD.83.074013},
	eprint = {1102.1967},
	journal = {Phys. Rev. D},
	pages = {074013},
	primaryclass = {hep-ph},
	title = {{QCD corrections to top quark pair production in association with a photon at hadron colliders}},
	volume = {83},
	year = {2011},
	bdsk-url-1 = {https://doi.org/10.1103/PhysRevD.83.074013}}

@article{Bevilacqua:2018woc,
	archiveprefix = {arXiv},
	author = {Bevilacqua, G. and Hartanto, H. B. and Kraus, M. and Weber, T. and Worek, M.},
	doi = {10.1007/JHEP10(2018)158},
	eprint = {1803.09916},
	journal = {JHEP},
	pages = {158},
	primaryclass = {hep-ph},
	reportnumber = {TTK-18-09, HU-EP-18/07, IPPP/18/17, HU-EP-18-07, IPPP-18-17},
	title = {{Hard Photons in Hadroproduction of Top Quarks with Realistic Final States}},
	volume = {10},
	year = {2018},
	bdsk-url-1 = {https://doi.org/10.1007/JHEP10(2018)158}}

@article{Bevilacqua:2019quz,
	archiveprefix = {arXiv},
	author = {Bevilacqua, G. and Hartanto, H. B. and Kraus, M. and Weber, T. and Worek, M.},
	doi = {10.1007/JHEP03(2020)154},
	eprint = {1912.09999},
	journal = {JHEP},
	pages = {154},
	primaryclass = {hep-ph},
	reportnumber = {TTK-19-52, P3H-19-051, IPPP/19/98},
	title = {{Off-shell vs on-shell modelling of top quarks in photon associated production}},
	volume = {03},
	year = {2020},
	bdsk-url-1 = {https://doi.org/10.1007/JHEP03(2020)154}}

@article{Kardos:2014pba,
	archiveprefix = {arXiv},
	author = {Kardos, Adam and Tr\'ocs\'anyi, Zolt\'an},
	doi = {10.1016/j.nuclphysb.2015.05.032},
	eprint = {1408.0278},
	journal = {Nucl. Phys. B},
	pages = {717--731},
	primaryclass = {hep-ph},
	title = {{Hadroproduction of t\textendash{}anti-t pair with two isolated photons with PowHel}},
	volume = {897},
	year = {2015},
	bdsk-url-1 = {https://doi.org/10.1016/j.nuclphysb.2015.05.032}}

@article{vanDeurzen:2015cga,
	archiveprefix = {arXiv},
	author = {van Deurzen, Hans and Frederix, Rikkert and Hirschi, Valentin and Luisoni, Gionata and Mastrolia, Pierpaolo and Ossola, Giovanni},
	doi = {10.1140/epjc/s10052-016-4048-2},
	eprint = {1509.02077},
	journal = {Eur. Phys. J. C},
	number = {4},
	pages = {221},
	primaryclass = {hep-ph},
	title = {{Spin Polarisation of $t\bar{t}\gamma\gamma$ production at NLO+PS with GoSam interfaced to MadGraph5\_aMC@NLO}},
	volume = {76},
	year = {2016},
	bdsk-url-1 = {https://doi.org/10.1140/epjc/s10052-016-4048-2}}

@article{Zhang:2011gh,
	archiveprefix = {arXiv},
	author = {Zhang, Yue and Li, Bo Hua and Li, Chong Sheng and Gao, Jun and Zhu, Hua Xing},
	doi = {10.1103/PhysRevD.83.094003},
	eprint = {1101.5346},
	journal = {Phys. Rev. D},
	pages = {094003},
	primaryclass = {hep-ph},
	title = {{Next-to-leading order QCD corrections to the top quark associated with $\gamma$ production via model-independent flavor-changing neutral-current couplings at hadron colliders}},
	volume = {83},
	year = {2011},
	bdsk-url-1 = {https://doi.org/10.1103/PhysRevD.83.094003}}

@article{Degrande:2014tta,
	archiveprefix = {arXiv},
	author = {Degrande, Celine and Maltoni, Fabio and Wang, Jian and Zhang, Cen},
	doi = {10.1103/PhysRevD.91.034024},
	eprint = {1412.5594},
	journal = {Phys. Rev. D},
	pages = {034024},
	primaryclass = {hep-ph},
	reportnumber = {CP3-14-84, MITP-14-085, IPPP-14-109, DCPT-14-218},
	title = {{Automatic computations at next-to-leading order in QCD for top-quark flavor-changing neutral processes}},
	volume = {91},
	year = {2015},
	bdsk-url-1 = {https://doi.org/10.1103/PhysRevD.91.034024}}
